@STRING{acisp =
  {Proceedings of the Australasian Conference on Information Security and Privacy}
}
@STRING{acsac =
  {Proceedings of the Annual Computer Security Applications Conference}
}
@STRING{aplas =
  {Proceedings of the Asian Symposium on Programming Languages and Systems}
}
@STRING{ase =
  {Proceedings of the International Conference on Automated Software Engineering}
}
@STRING{asiaccs =
  {Proceedings of the {ACM} Symposium on Information, Computer and Communications Security}
}
@STRING{asplos =
  {Proceedings of the International Conference on Architectural Support for Programming Languages and Operating Systems}
}
@STRING{atc =
  {Proceedings of the USENIX Annual Technical Conference}
}
@STRING{blackhatasia =
  {Proceedings of the Black Hat Asia}
}
@STRING{blackhateu =
  {Proceedings of the Black Hat EU}
}
@STRING{blackhatusa =
  {Proceedings of the Black Hat USA}
}
@STRING{cacm =
  {Communications of the {ACM}}
}
@STRING{cansecwest =
  {Proceedings of the {C}an{S}ec{W}est}
}
@STRING{cav =
  {Proceedings of the International Conference on Computer Aided Verification}
}
@STRING{cc =
  {Proceedings of the International Conference on Compiler Construction}
}
@STRING{ccc =
  {Proceedings of the Chaos Communication Congress}
}
@STRING{ccs =
  {Proceedings of the {ACM} Conference on Computer and Communications Security}
}
@STRING{cgo =
  {Proceedings of the International Symposium on Code Generation and Optimization}
}
@STRING{chi =
  {Proceedings of the {ACM} Conference on Human Factors in Computing Systems}
}
@STRING{codaspy =
  {Proceedings of the {ACM} Conference on Data and Application Security and Privacy}
}
@STRING{csur =
  {ACM Computing Surveys}
}
@STRING{deepsec =
  {Proceedings of the {D}eep{S}ec}
}
@STRING{defcon =
  {Proceedings of {D}ef{C}on}
}
@STRING{dsn =
  {Proceedings of the International Conference on Dependable Systems and Networks}
}
@STRING{ecoop =
  {Proceedings of the {ACM} European Conference on Object-Oriented Programming}
}
@STRING{esop =
  {Proceedings of the {ACM} European Conference on Programming Languages and Systems}
}
@STRING{esorics =
  {Proceedings of the European Symposium on Research in Computer Security}
}
@STRING{essos =
  {Proceedings of the International Symposium on Engineering Secure Software and Systems}
}
@STRING{eurosys =
  {Proceedings of the {ACM} European Conference on Computer Systems}
}
@STRING{fse =
  {Proceedings of the International Symposium on Foundations of Software Engineering}
}
@STRING{icml =
  {Proceedings of the International Conference on Machine Learning}
}
@STRING{icnp =
  {Proceedings of the {IEEE} International Conference on Network Protocols}
}
@STRING{icse =
  {Proceedings of the International Conference on Software Engineering}
}
@STRING{icst =
  {Proceedings of the {IEEE} International Conference on Software Testing, Verification and Validation}
}
@STRING{icstw =
  {Proceedings of the {IEEE} International Conference on Software Testing, Verification and Validation Workshops}
}
@STRING{ijcai =
  {Proceedings of the International Joint Conference on Artificial Intelligence}
}
@STRING{infocom =
  {Proceedings of the {IEEE} International Conference on Computer Communications}
}
@STRING{isc =
  {Proceedings of the International Conference on Information Security}
}
@STRING{issta =
  {Proceedings of the International Symposium on Software Testing and Analysis}
}
@STRING{ndss =
  {Proceedings of the Network and Distributed System Security Symposium}
}
@STRING{nsdi =
  {Proceedings of the {USENIX} Symposium on Networked Systems Design and Implementation}
}
@STRING{oakland =
  {Proceedings of the {IEEE} Symposium on Security and Privacy}
}
@STRING{oopsla =
  {Proceedings of the {ACM} {SIGPLAN} International Conference on Object Oriented Programming Systems Languages \& Applications}
}
@STRING{osdi =
  {Proceedings of the {USENIX} Symposium on Operating System Design and Implementation}
}
@STRING{pldi =
  {Proceedings of the {ACM} Conference on Programming Language Design and Implementation}
}
@STRING{popl =
  {Proceedings of the {ACM} Symposium on Principles of Programming Languages}
}
@STRING{raid =
  {Proceedings of the International Conference on Research in Attacks, Intrusions, and Defenses}
}
@STRING{sigmod =
  {Proceedings of the {ACM} {SIGMOD} International Conference on Management of Data}
}
@STRING{sosp =
  {Proceedings of the {ACM} Symposium on Operating System Principles}
}
@STRING{soups =
  {Proceedings of the {ACM} Symposium on Usable Privacy and Security}
}
@STRING{stoc =
  {Proceedings of the {ACM} Symposium on Theory of Computing}
}
@STRING{tacas =
  {Proceedings of the International Conference on Tools and Algorithms for the Construction and Analysis of Systems}
}
@STRING{trustcom =
  {Proceedings of the {IEEE} International Conference on Trust, Security and Privacy in Computing and Communications}
}
@STRING{tse =
  {{IEEE} Transactions on Software Engineering}
}
@STRING{usenixase =
  {Proceedings of the {USENIX} Workshop on Advances in Security Education}
}
@STRING{usenixsec =
  {Proceedings of the {USENIX} Security Symposium}
}
@STRING{vee =
  {Proceedings of the International Conference on Virtual Execution Environments}
}
@STRING{vldb =
  {Proceedings of the International Conference on Very Large Data Bases}
}
@STRING{vmcai =
  {Proceedings of the International Workshop on Verification, Model Checking, and Abstract Interpretation}
}

@article{abadi:2009,
  author  = {Abadi, Mart\'{\i}n and Budiu, Mihai and Erlingsson, \'{U}lfar and Ligatti, Jay},
  title   = {Control-flow Integrity Principles, Implementations, and Applications},
  journal = {ACM Transactions on Information and Systems Security},
  volume  = {13},
  number  = {1},
  pages   = {4:1--4:40},
  year    = 2009
}

@article{anand:2013,
  author  = {Anand, Saswat and Burke, Edmund K. and Chen, Tsong Yueh and Clark, John and Cohen, Myra B. and Grieskamp, Wolfgang and Harman, Mark and Harrold, Mary Jean and Mcminn, Phil},
  title   = {An Orchestrated Survey of Methodologies for Automated Software Test Case Generation},
  journal = {Journal of Systems and Software},
  volume  = {86},
  number  = {8},
  pages   = {1978--2001},
  year    = 2013
}

@article{andreasen:csur:2017,
  author  = {Esben Andreasen and Liang Gong and Anders M{\o}ller and Michael Pradel and Marija Selakovic and Koushik Sen and Cristian-Alexandru Staicu},
  title   = {A Survey of Dynamic Analysis and Test Generation for {JavaScript}},
  journal = csur,
  volume  = {50},
  number  = {5},
  pages   = {66:1--66:36},
  year    = 2017
}

@article{arcuri:2012,
  author  = {Arcuri, Andrea and Iqbal, Muhammad Zohaib and Briand, Lionel},
  title   = {Random Testing: Theoretical Results and Practical Implications},
  journal = tse,
  volume  = {38},
  number  = {2},
  pages   = {258--277},
  year    = 2012
}

@article{auer:2002,
  author  = {Auer, Peter and Cesa-Bianchi, Nicol{\`{o}} and Freund, Yoav and Schapire, Robert E.},
  title   = {The Nonstochastic Multiarmed Bandit Problem},
  journal = {SIAM Journal on Computing},
  volume  = {32},
  number  = {1},
  pages   = {48--77},
  year    = 2002
}

@article{auer:ml:2002,
  author  = {Auer, Peter and Cesa-Bianchi, Nicol{\`{o}} and Paul, Fischer},
  title   = {Finite-time Analysis of the Multiarmed Bandit Problem},
  journal = {Machine Learning},
  volume  = {47},
  number  = {2-3},
  pages   = {235--256},
  year    = 2002
}

@article{avgerinos:cacm:2014,
  author  = {Thanassis Avgerinos and Sang Kil Cha and Alexandre Rebert and Edward J. Schwartz and Maverick Woo and David Brumley},
  title   = {Automatic Exploit Generation},
  journal = cacm,
  volume  = {57},
  number  = {2},
  pages   = {74--84},
  year    = 2014
}

@article{avizienis:1985,
  author  = {Algirdas Avizienis},
  title   = {The {N}-Version Approach to Fault-Tolerant Software},
  journal = {IEEE Transactions on Software Engineering},
  volume  = {11},
  number  = {12},
  pages   = {1491--1501},
  year    = 1985
}

@article{avizienis:2004,
  author  = {Algirdas Avizienis and Jean-Claude Laprie and Brian Randell and Carl Landwehr},
  title   = {Basic Concepts and Taxonomy of Dependable and Secure Computing},
  journal = {IEEE Transactions on Dependable and Secure Computing},
  volume  = {1},
  number  = {1},
  pages   = {11--33},
  year    = 2004
}

@article{balakrishnan:2010,
  author  = {Gogul Balakrishnan and Thomas Reps},
  title   = {{WYSINWYX}: What You See is Not What You eXecute},
  journal = {ACM Transactions on Programming Languages and Systems},
  volume  = {32},
  number  = {6},
  pages   = {23:1--23:84},
  year    = 2010
}

@article{bardin:stvr:2011,
  author  = {Bardin, S{\'e}bastien and Herrmann, Philippe},
  title   = {{OSMOSE}: Automatic Structural Testing of Executables},
  journal = {Software Testing, Verification \& Reliability},
  volume  = {21},
  number  = {1},
  pages   = {29--54},
  year    = 2011
}

@article{bentley:1987,
  author  = {Bentley, Jon and Floyd, Bob},
  title   = {Programming Pearls: A Sample of Brilliance},
  journal = cacm,
  volume  = {30},
  number  = {9},
  pages   = {754--757},
  year    = 1987
}

@article{bohme:tosem:2018,
  author  = {B{\"o}hme, Marcel},
  title   = {{STADS}: Software Testing as Species Discovery},
  journal = {ACM Transactions on Software Engineering and Methodology},
  volume  = {27},
  number  = {2},
  pages   = {7:1--7:52},
  year    = 2018
}

@article{boyer:1975,
  author  = {Robert S. Boyer and Bernard Elspas and Karl N. Levitt},
  title   = {{SELECT}---A Formal System for Testing and Debugging Programs by Symbolic Execution},
  journal = {ACM SIGPLAN Notices},
  volume  = {10},
  number  = {6},
  pages   = {234--245},
  year    = 1975
}

@article{bratus:2007,
  author  = {Sergey Bratus},
  title   = {What Hackers Learn that the Rest of Us Don't: Notes on Hacker Curriculum},
  journal = {IEEE Security Privacy},
  volume  = {5},
  number  = {4},
  pages   = {72--75},
  year    = 2007
}

@article{bryant:2001,
  author  = {Randal E. Bryant and Steven German and Miroslav N. Velev},
  title   = {Processor Verification Using Efficient Reductions of the Logic of Uninterpreted Functions to Propositional Logic},
  journal = {ACM Transactions on Computational Logic},
  volume  = {2},
  number  = {1},
  pages   = {93--134},
  year    = 2001
}

@article{buck:2000,
  author  = {Buck, Bryan and Hollingsworth, Jeffrey K},
  title   = {An API for Runtime Code Patching},
  journal = {International Journal of High Performance Computing Applications},
  volume  = {14},
  number  = {4},
  pages   = {317--329},
  year    = 2000
}

@article{caballero:csur:2016,
  author  = {Caballero, Juan and Lin, Zhiqiang},
  title   = {Type Inference on Executables},
  journal = csur,
  volume  = {48},
  number  = {4},
  pages   = {1--35},
  year    = 2016
}

@article{cha:jcn:2011,
  author  = {Sang Kil Cha and Iulian Moraru and Jiyong Jang and John Truelove and David Brumley and David G. Andersen},
  title   = {{SplitScreen}: Enabling Efficient, Distributed Malware Detection},
  journal = {Journal of Communications and Networks},
  volume  = {13},
  number  = {2},
  pages   = {187--200},
  year    = 2011
}

@article{chen:2010,
  author  = {Chen, Tsong Yueh and Kuo, Fei-Ching and Merkel, Robert G. and Tse, T. H.},
  title   = {Adaptive Random Testing: The {ART} of Test Case Diversity},
  journal = {Journal of Systems and Software},
  volume  = {83},
  number  = {1},
  pages   = {60--66},
  year    = 2010
}

@article{cifuentes:2000,
  author  = {Cristina Cifuentes and Mike Van Emmerik},
  title   = {{UQBT}: Adaptable Binary Translation at Low Cost},
  journal = {Computer},
  volume  = {33},
  number  = {3},
  pages   = {60--66},
  year    = 2000
}

@article{conti:2011,
  author  = {Gregory Conti and Thomas Babbitt and John Nelson},
  title   = {Hacking Competitions and Their Untapped Potential for Security Education},
  journal = {IEEE Security Privacy},
  volume  = {9},
  number  = {3},
  pages   = {56--59},
  year    = 2011
}

@article{cousot:1992,
  author  = {Patrick Cousot and Radhia Cousot},
  title   = {Abstract Interpretation Frameworks},
  journal = {Journal of Logic and Computation},
  volume  = {2},
  number  = {4},
  pages   = {511--547},
  year    = 1992
}

@article{crepinsek:csur:2013,
  author  = {{\v{C}}repin{\v{s}}ek, Matej and Liu, Shih-Hsi and Mernik, Marjan},
  title   = {Exploration and Exploitation in Evolutionary Algorithms: A Survey},
  journal = csur,
  volume  = {45},
  number  = {3},
  pages   = {35:1--35:33},
  year    = 2013
}

@article{currie:2006,
  author  = {David Currie and Xiushan Feng and Masahiro Fujita and Alan J. Hu and Mark Kwan and Sreeranga Rajan},
  title   = {Embedded Software Verification Using Symbolic Execution and Uninterpreted Functions},
  journal = {International Journal of Parallel Programming},
  volume  = {34},
  number  = {1},
  pages   = {61--91},
  year    = 2006
}

@article{eades:1994,
  author  = {Eades, Peter and Wormald, Nicholas C.},
  title   = {Edge crossings in drawings of bipartite graphs},
  journal = {Algorithmica},
  volume  = {11},
  number  = {4},
  pages   = {379--403},
  year    = 1994
}

@article{gansner:1993,
  author  = {Gansner, E. R. and Koutsofios, E. and North, S. C. and Vo, K.-P.},
  title   = {A Technique for Drawing Directed Graphs},
  journal = tse,
  volume  = {19},
  number  = {3},
  pages   = {214--230},
  year    = 1993
}

@article{gligor:tse:1987,
  author  = {Gligor, V. D. and Chandersekaran, C. S. and Johri, A. and Luckenbaugh, G. L. and Reich, L. E.},
  title   = {A New Security Testing Method and Its Application to the {Secure} {Xenix} Kernel},
  journal = tse,
  volume  = {13},
  number  = {2},
  pages   = {169--183},
  year    = 1987
}

@article{godefroid:cacm:2012,
  author  = {Patrice Godefroid and Michael Y. Levin and David Molnar},
  title   = {{SAGE}: Whitebox Fuzzing for Security Testing},
  journal = cacm,
  volume  = {55},
  number  = {3},
  pages   = {40--44},
  year    = 2012
}

@article{halbwachs:fmsd:1997,
  author  = {Nicolas Halbwachs and Yann-Erick Proy and Patrick Roumanoff},
  title   = {Verification of Real-Time Systems Using Linear Relation Analysis},
  journal = {Formal Methods in System Design},
  volume  = {11},
  number  = {2},
  pages   = {157--185},
  year    = 1997
}

@article{howden:1975,
  author  = {William E. Howden},
  title   = {Methodology for the Generation of Program Test Data},
  journal = {IEEE Transactions on Computers},
  volume  = {C},
  number  = {5},
  pages   = {554--560},
  year    = 1975
}

@article{jia:tse:2011,
  author  = {Jia, Yue and Harman, Mark},
  title   = {An Analysis and Survey of the Development of Mutation Testing},
  journal = tse,
  volume  = {37},
  number  = {5},
  pages   = {649--678},
  year    = 2011
}

@article{kanvar:csur:2016,
  author  = {Kanvar, Vini and Khedker, Uday P},
  title   = {Heap Abstractions for Static Analysis},
  journal = csur,
  volume  = {49},
  number  = {2},
  pages   = {1--47},
  year    = 2016
}

@article{kern:1999,
  author  = {Christoph Kern and Mark R. Greenstreet},
  title   = {Formal Verification in Hardware Design: A Survey},
  journal = {ACM Transactions on Design Automation of Electronic Systems},
  volume  = {4},
  number  = {2},
  pages   = {123--193},
  year    = 1999
}

@article{king:cacm:1976,
  author  = {James C. King},
  title   = {Symbolic Execution and Program Testing},
  journal = cacm,
  volume  = {19},
  number  = {7},
  pages   = {385--394},
  year    = 1976
}

@article{klein:tcs:2014,
  author  = {Gerwin Klein and June Andronick and Kevin Elphinstone and Toby Murray and Thomas Sewell and Rafal Kolanski and Gernot Heiser},
  title   = {Comprehensive Formal Verification of an {OS} Microkernel},
  journal = {ACM Transactions on Computer Systems},
  volume  = {32},
  number  = {1},
  pages   = {2:1--2:70},
  year    = 2014
}

@article{klockner:2012,
  author  = {Andreas Kl{\"o}ckner and Nicolas Pinto and Yunsup Lee and Bryan Catanzaro and Paul Ivanov and Ahmed Fasih},
  title   = {PyCUDA and PyOpenCL: A Scripting-Based Approach to GPU Run-Time Code Generation},
  journal = {Parallel Computing},
  volume  = {38},
  number  = {3},
  pages   = {157--174},
  year    = 2012
}

@article{korel:tse:1990,
  author  = {Korel, Bogdan},
  title   = {Automated Software Test Data Generation},
  journal = tse,
  volume  = {16},
  number  = {8},
  pages   = {870--879},
  year    = 1990
}

@article{kushner:2013,
  author  = {David Kushner},
  title   = {The Real Story of Stuxnet},
  journal = {IEEE Spectrum},
  volume  = {50},
  number  = {3},
  pages   = {48--53},
  year    = 2013
}

@article{lakhotia:ist:2013,
  author  = {Lakhotia, Kiran and Harman, Mark and Gross, Hamilton},
  title   = {{AUSTIN}: An Open Source Tool for Search Based Software Testing of C Programs},
  journal = {Information and Software Technology},
  volume  = {55},
  number  = {1},
  pages   = {112--125},
  year    = 2013
}

@article{lawton:1996,
  author  = {Kevin P. Lawton},
  title   = {Bochs: A Portable {PC} Emulator for {U}nix/{X}},
  journal = {Linux Journal},
  volume  = {1996},
  number  = {29es},
  year    = 1996
}

@article{livshits:cacm:2015,
  author  = {Benjamin Livshits and Manu Sridharan and Yannis Smaragdakis and Ondr\v{e}j Lhot\'{a}k and J. Nelson Amaral and Bor-Yuh Evan Chang and Samuel Z. Guyer and Uday P. Khedker and Anders M{\o}ller and Dimitrios Vardoulakis},
  title   = {Soundness is not even necessary for most modern analysis applications, however, as many},
  journal = cacm,
  volume  = {58},
  number  = {2},
  pages   = {44--48},
  year    = 2015
}

@article{magnusson:2002,
  author  = {Peter S. Magnusson and Magnus Christensson and Jesper Eskilson and Daniel Forsgren and Gustav H{\aa}llberg and Johan H\"{o}gberg and Fredrik Larsson and Andreas Moestedt and Bengt Werner},
  title   = {Simics: A Full System Simulation Platform},
  journal = {Computer},
  volume  = {35},
  number  = {2},
  pages   = {50--58},
  year    = 2002
}

@article{manes:tse:2021,
  author  = {Valentin J. M. Man{\`{e}}s and HyungSeok Han and Choongwoo Han and Sang Kil Cha and Manuel Egele and Edward J. Schwartz and Maverick Woo},
  title   = {The Art, Science, and Engineering of Fuzzing: A Survey},
  journal = tse,
  volume  = {47},
  number  = {11},
  pages   = {2312--2331},
  year    = 2021
}

@article{may:1987,
  author  = {Cathy May},
  title   = {Mimic: A Fast System/370 Simulator},
  journal = {ACM SIGPLAN Notices},
  volume  = {22},
  number  = {7},
  pages   = {1--13},
  year    = 1987
}

@article{mckeeman:1998,
  author  = {William M. McKeeman},
  title   = {Differential Testing for Software},
  journal = {Digital Technical Journal},
  volume  = {10},
  number  = {1},
  pages   = {100--107},
  year    = 1998
}

@article{mcminn:survey:2004,
  author  = {McMinn, Phil},
  title   = {Search-based Software Test Data Generation: A Survey},
  journal = {Software Testing, Verification and Reliability},
  volume  = {14},
  number  = {2},
  pages   = {105--156},
  year    = 2004
}

@article{miller:cacm:1990,
  author  = {Miller, Barton P. and Fredriksen, Louis and So, Bryan},
  title   = {An Empirical Study of the Reliability of {UNIX} Utilities},
  journal = cacm,
  volume  = {33},
  number  = {12},
  pages   = {32--44},
  year    = 1990
}

@article{miller:tse:1976,
  author  = {Miller, Webb and Spooner, David L.},
  title   = {Automatic Generation of Floating-Point Test Data},
  journal = tse,
  volume  = {2},
  number  = {3},
  pages   = {223--226},
  year    = 1976
}

@article{morris:password:1979,
  author  = {Robert Morris and Ken Thompson},
  title   = {Password Security: A Case History},
  journal = cacm,
  volume  = {22},
  number  = {11},
  pages   = {594--597},
  year    = 1979
}

@article{moura:cacm:2011,
  author  = {Leonardo De Moura and Nikolaj Bj{\o}rner},
  title   = {Satisfiability Modulo Theories: Introduction and Applications},
  journal = cacm,
  volume  = {54},
  number  = {9},
  pages   = {69--77},
  year    = 2011
}

@article{oehlert:sp:2005,
  author  = {Oehlert, Peter},
  title   = {Violating Assumptions with Fuzzing},
  journal = {IEEE Security \& Privacy},
  volume  = {3},
  number  = {2},
  pages   = {58--62},
  year    = 2005
}

@article{padioleau:2008,
  author  = {Padioleau, Yoann and Lawall, Julia and Hansen, Ren{\'e} Rydhof and Muller, Gilles},
  title   = {Documenting and Automating Collateral Evolutions in Linux Device Drivers},
  journal = {ACM SIGOPS Operating Systems Review},
  volume  = {42},
  number  = {4},
  pages   = {247--260},
  year    = 2008
}

@article{park:compsec:2021,
  author  = {Sang-Ok Park and Ohmin Kwon and Yonggon Kim and Sang Kil Cha and Hyunsoo Yoon},
  title   = {Mind Control Attack: Undermining Deep Learning with {GPU} Memory Exploitation},
  journal = {Computers \& Security},
  volume  = {102},
  number  = {102115},
  pages   = {1--16},
  year    = 2021
}

@article{purdom:1972,
  author  = {Purdom, Paul},
  title   = {A sentence generator for testing parsers},
  journal = {BIT Numerical Mathematics},
  volume  = {12},
  number  = {3},
  pages   = {366--375},
  year    = 1972
}

@article{rice:1953,
  author  = {Henry Gordon Rice},
  title   = {Classes of Recursively Enumerable Sets and Their Decision Problems},
  journal = {Transactions of the American Mathematical Society},
  volume  = {74},
  number  = {2},
  pages   = {358--366},
  year    = 1953
}

@article{robbins:1952,
  author  = {Herbert Robbins},
  title   = {Some Aspects of the Sequential Design of Experiments},
  journal = {Bulleting of the American Mathematical Society},
  volume  = {58},
  number  = {5},
  pages   = {527--535},
  year    = 1952
}

@article{robillard:tse:2013,
  author  = {Martin P. Robillard and Eric Bodden and David Kawrykow and Mira Mezini and Tristan Ratchford},
  title   = {Automated {API} Property Inference Techniques},
  journal = tse,
  volume  = {39},
  number  = {5},
  pages   = {613--637},
  year    = 2013
}

@article{schneider:2000,
  author  = {Schneider, Fred B.},
  title   = {Enforceable Security Policies},
  journal = {ACM Transactions on Information System Security},
  volume  = {3},
  number  = {1},
  pages   = {30--50},
  year    = 2000
}

@article{shah:2017,
  author  = {Shivani H. Shah and Jagruti M. Mohite and Anoop G. Musale and Jay L. Borade},
  title   = {Survey Paper on Maze Generation Algorithms for Puzzle Solving Games},
  journal = {International Journal of Scientific and Engineering Research},
  volume  = {8},
  number  = {2},
  pages   = {1064--1067},
  year    = 2017
}

@article{sugiyama:smc:1981,
  author  = {Kozo Sugiyama and Shojiro Tagawa and Mitsuhiko Toda},
  title   = {Methods for Visual Understanding of Hierarchical System Structures},
  journal = {IEEE Transactions on Systems, Man, and Cybernetics},
  volume  = {11},
  number  = {2},
  pages   = {109--125},
  year    = 1981
}

@article{sun:csur:2017,
  author  = {Sun, Kwangwon and Ryu, Sukyoung},
  title   = {Analysis of {JavaScript} Programs: Challenges and Research Trends},
  journal = csur,
  volume  = {50},
  number  = {4},
  pages   = {59:1--59:34},
  year    = 2017
}

@article{thompson:1984,
  author  = {Ken Thompson},
  title   = {Reflections on Trusting Trust},
  journal = cacm,
  volume  = {27},
  number  = {8},
  pages   = {761--763},
  year    = 1984
}

@article{wegener:2001,
  author  = {Joachim Wegener and Andre Baresel and Harmen Sthamer},
  title   = {Evolutionary Test Environment for Automatic Structural Testing},
  journal = {Information and Software Technology},
  volume  = {43},
  number  = {14},
  pages   = {841--854},
  year    = 2001
}

@article{wenzl:csur:2019,
  author  = {Wenzl, Matthias and Merzdovnik, Georg and Ullrich, Johanna and Weippl, Edgar},
  title   = {From Hack to Elaborate Technique---A Survey on Binary Rewriting},
  journal = csur,
  volume  = {52},
  number  = {3},
  pages   = {1--37},
  year    = 2019
}

@article{wiedenbeck:passpoints:2005,
  author  = {Susan Wiedenbeck and Jim Waters and Jean-Camille Birget and Alex Brodskiy and Nasir Momon},
  title   = {{PassPoints}: Design and Longitudinal Evaluation of a Graphical Password System},
  journal = {International journal of human-computer studies},
  volume  = {63},
  number  = {1},
  pages   = {102--127},
  year    = 2005
}

@article{wolpert:1997,
  author  = {Wolpert, D. H. and Macready, W. G.},
  title   = {No Free Lunch Theorems for Optimization},
  journal = {IEEE Transactions on Evolutionary Computation},
  volume  = {1},
  number  = {1},
  pages   = {67--82},
  year    = 1997
}

@article{yuan:2010,
  author  = {Yuan, Xun and Memon, Atif M.},
  title   = {Iterative Execution-feedback Model-directed GUI Testing},
  journal = {Information and Software Technology},
  volume  = {52},
  number  = {5},
  pages   = {559--575},
  year    = 2010
}

@article{zeldovich:cacm:2011,
  author  = {Nickolai Zeldovich and Silas Boyd-Wickizer and Eddie Kohler and David Mazi\`{e}res},
  title   = {Making Information Flow Explicit in {HiStar}},
  journal = cacm,
  volume  = {54},
  number  = {11},
  pages   = {93--101},
  year    = 2011
}

@article{zeller:tse:2002,
  author  = {Zeller, Andreas and Hildebrandt, Ralf},
  title   = {Simplifying and Isolating Failure-Inducing Input},
  journal = tse,
  volume  = {28},
  number  = {2},
  pages   = {183--200},
  year    = 2002
}

@article{zilberstein:1996,
  author  = {Shlomo Zilberstein},
  title   = {Using Anytime Algorithms in Intelligent Systems},
  journal = {AI Magazine},
  volume  = {17},
  number  = {3},
  pages   = {73--83},
  year    = 1996
}

@book{aho:dragonbook:2006,
  author    = {Alfred V. Aho and Monica S. Lam and Ravi Sethi and Jeffrey D. Ullman},
  title     = {Compilers: Principles, Techniques, and Tools},
  publisher = {Addison Wesley},
  edition   = {2},
  year      = 2006
}

@book{ammann:2008,
  author    = {Paul Ammann and Jeff Offutt},
  title     = {Introduction to Software Testing},
  publisher = {Cambridge University Press},
  edition   = {1},
  year      = 2008
}

@book{bechikh:2016,
  author    = {Bechikh, Slim and Datta, Rituparna and Gupta, Abhishek},
  title     = {Recent Advances in Evolutionary Multi-Objective Optimization},
  publisher = {Springer},
  year      = 2016
}

@book{beizer:1995,
  author    = {Boris Beizer},
  title     = {Black-box Testing: Techniques for Functional Testing of Software and Systems},
  publisher = {John Wiley \& Sons},
  year      = 1995
}

@book{berry:1985,
  author    = {Berry, Donald A. and Fristedt, Bert},
  title     = {Bandit Problems: Sequential Allocation of Experiments},
  publisher = {Springer},
  year      = 1985
}

@book{cormen:algorithm:2009,
  author    = {Cormen, Thomas H. and Leiserson, Charles E. and Rivest, Ronald L.},
  title     = {Introduction to Algorithms},
  publisher = {The MIT Press},
  edition   = {3},
  year      = 2009
}

@book{evron:2007,
  author    = {Evron, Gadi and Rathaus, Noam and Fly, Robert and Jenik, Aviram and Maynor, David and Miller, Charlie and Naveh, Yoav},
  title     = {Open Source Fuzzing Tools},
  publisher = {Syngress},
  year      = 2007
}

@book{huang:1998,
  author    = {Huang, Shi-Yu and Cheng, Kwant-Ting},
  title     = {Formal Equivalence Checking and Design DeBugging},
  publisher = {Kluwer Academic Publishers},
  year      = 1998
}

@book{jolliffe:pca:2011,
  author    = {Jolliffe, Ian T.},
  title     = {Principal Component Analysis},
  publisher = {Springer},
  year      = 2011
}

@book{levin:macinternal:2013,
  author    = {Jonathan Levin},
  title     = {Mac {OS} {X} and {iOS} Internals: To the Apple's Core},
  publisher = {Wrox},
  year      = 2013
}

@book{lucas:pgp:2006,
  author    = {Lucas, Michael W.},
  title     = {PGP \& GPG: Email for the Practical Paranoid},
  publisher = {No Starch Press},
  year      = 2006
}

@book{myers:2011,
  author    = {Glenford J. Myers and Corey Sandler and Tom Badgett},
  title     = {The Art of Software Testing},
  publisher = {Wiley},
  year      = 2011
}

@book{puterman:1994,
  author    = {Martin L. Puterman},
  title     = {Markov Decision Processes: Discrete Stochastic Dynamic Programming},
  publisher = {John Wiley \& Sons},
  year      = 1994
}

@book{rival:static:2020,
  author    = {Xavier Rival and Kwangkeun Yi},
  title     = {Introduction to Static Analysis: An Abstract Interpretation Perspective},
  publisher = {MIT Press},
  year      = 2020
}

@book{strang:linear:2003,
  author    = {Gilbert Strang},
  title     = {Introduction to Linear Algebra},
  publisher = {Wellesley-Cambridge Press},
  edition   = {3},
  year      = 2003
}

@book{sutton:2007,
  author    = {Michael Sutton and Adam Greene and Pedram Amini},
  title     = {Fuzzing: Brute Force Vulnerability Discovery},
  publisher = {Addison-Wesley Professional},
  year      = 2007
}

@book{sutton:reinforcement:1998,
  author    = {Richard S Sutton and Andrew G Barto},
  title     = {Reinforcement Learning: An Introduction},
  publisher = {MIT Press},
  edition   = {1},
  year      = 1998
}

@book{sutton:reinforcement:2018,
  author    = {Richard S Sutton and Andrew G Barto},
  title     = {Reinforcement Learning: An Introduction},
  publisher = {MIT Press},
  edition   = {2},
  year      = 2018
}

@book{syme:fsharp:2012,
  author    = {Syme, Don and Granicz, Adam and Cisternino, Antonio},
  title     = {Expert F\# 3.0},
  publisher = {Apress},
  year      = 2012
}

@book{takanen:2008,
  author    = {Ari Takanen and Jared D. DeMott and Charles Miller},
  title     = {Fuzzing for Software Security Testing and Quality Assurance},
  publisher = {Artech House},
  year      = 2008
}

@incollection{healy:2013,
  author    = {Healy, Patrick and Nikolov, Nikola},
  title     = {Hierarchical Drawing Algorithms},
  booktitle = {Handbook of Graph Drawing and Visualization},
  publisher = {Chapman \& Hall/CRC},
  chapter   = {13},
  pages     = {409--454},
  year      = 2013
}

@inproceedings{abadi:ccs:2005,
  author    = {Abadi, Mart\'{\i}n and Budiu, Mihai and Erlingsson, \'{U}lfar and Ligatti, Jay},
  title     = {Control-flow Integrity},
  booktitle = ccs,
  pages     = {340--353},
  year      = 2005
}

@inproceedings{abdelnur:iptcomm:2007,
  author    = {Abdelnur, Humberto J. and State, Radu and Festor, Olivier},
  title     = {{KiF}: A Stateful SIP Fuzzer},
  booktitle = {Proceedings of the International Conference on Principles},
  pages     = {47--56},
  year      = 2007
}

@inproceedings{aiken:paste:2007,
  author    = {Alex Aiken and Suhabe Bugrara and Isil Dillig and Thomas Dillig and Brian Hackett and Peter Hawkins},
  title     = {An Overview of the Saturn Project},
  booktitle = {Proceedings of the {ACM SIGPLAN-SIGSOFT} workshop on Program Analysis for Software Tools and Engineering},
  pages     = {43--48},
  year      = 2007
}

@inproceedings{aitel:blackhat:2002,
  author    = {Dave Aitel},
  title     = {An Introduction to {SPIKE}, the Fuzzer Creation Kit},
  booktitle = blackhatusa,
  year      = 2002
}

@inproceedings{altinay:eurosys:2020,
  author    = {Altinay, Anil and Nash, Joseph and Kroes, Taddeus and Rajasekaran, Prabhu and Zhou, Dixin and Dabrowski, Adrian and Gens, David and Na, Yeoul and Volckaert, Stijn and Giuffrida, Cristiano},
  title     = {{BinRec}: Dynamic Binary Lifting and Recompilation},
  booktitle = eurosys,
  pages     = {1--16},
  year      = 2020
}

@inproceedings{alves-foss:acsac:2019,
  author    = {Jim Alves-Foss and Jia Song},
  title     = {Function Boundary Detection in Stripped Binaries},
  booktitle = acsac,
  pages     = {84--96},
  year      = 2019
}

@inproceedings{anderson:ecoop:2005,
  author    = {Anderson, Christopher and Giannini, Paola and Drossopoulou, Sophia},
  title     = {Towards Type Inference for JavaScript},
  booktitle = ecoop,
  pages     = {428--452},
  year      = 2005
}

@inproceedings{andriesse:usec:2016,
  author    = {Dennis Andriesse and Xi Chen and Victor van der Veen and Asia Slowinska and Herbert Bos},
  title     = {An In-Depth Analysis of Disassembly on Full-Scale x86/x64 Binaries},
  booktitle = usenixsec,
  pages     = {583--600},
  year      = 2016
}

@inproceedings{appelt:issta:2014,
  author    = {Appelt, Dennis and Nguyen, Cu Duy and Briand, Lionel C and Alshahwan, Nadia},
  title     = {Automated Testing for SQL Injection Vulnerabilities: An Input Mutation Approach},
  booktitle = issta,
  pages     = {259--269},
  year      = 2014
}

@inproceedings{arnold:hotos:2009,
  author    = {Jeff Arnold and Tim Abbott and Waseem Daher and Gregory Price and Nelson Elhage and Geoffrey Thomas and Anders Kaseorg},
  title     = {Security Impact Ratings Considered Harmful},
  booktitle = {Proceedings of the Conference on Hot Topics in Operating Systems},
  pages     = {16--16},
  year      = 2009
}

@inproceedings{aschermann:nautilus:2019,
  author    = {Aschermann, Cornelius and Jauernig, Patrick and Frassetto, Tommaso and Sadeghi, Ahmad-Reza and Holz, Thorsten and Teuchert, Daniel},
  title     = {{NAUTILUS}: Fishing for Deep Bugs with Grammars},
  booktitle = ndss,
  year      = 2019
}

@inproceedings{aschermann:redqueen:2019,
  author    = {Aschermann, Cornelius and Schumilo, Sergej and Blazytko, Tim and Gawlik, Robert and Holz, Thorsten},
  title     = {{REDQUEEN}: Fuzzing with Input-to-State Correspondence},
  booktitle = ndss,
  year      = 2019
}

@inproceedings{au:ccs:2012,
  author    = {Au, Kathy Wain Yee and Zhou, Yi Fan and Huang, Zhen and Lie, David},
  title     = {{PScout}: Analyzing the Android Permission Specification},
  booktitle = ccs,
  pages     = {217--228},
  year      = 2012
}

@inproceedings{avgerinos:icse:2014,
  author    = {Thanassis Avgerinos and Alexandre Rebert and Sang Kil Cha and David Brumley},
  title     = {Enhancing Symbolic Execution with {Veritesting}},
  booktitle = icse,
  pages     = {1083--1094},
  year      = 2014
}

@inproceedings{avgerinos:ndss:2011,
  author    = {Thanassis Avgerinos and Sang Kil Cha and Brent Lim Tze Hao and David Brumley},
  title     = {{AEG}: Automatic Exploit Generation},
  booktitle = ndss,
  pages     = {283--300},
  year      = 2011
}

@inproceedings{babic:issta:2011,
  author    = {Domagoj Babic and Lorenzo Martignoni and Stephen McCamant and Dawn Song},
  title     = {Statically-Directed Dynamic Automated Test Generation},
  booktitle = issta,
  pages     = {12--22},
  year      = 2011
}

@inproceedings{bai:ndss:2013,
  author    = {Bai, Guangdong and Lei, Jike and Meng, Guozhu and Venkatraman, Sai Sathyanarayan and Saxena, Prateek and Sun, Jun and Liu, Yang and Dong, Jin Song},
  title     = {{AUTHSCAN}: Automatic Extraction of Web Authentication Protocols from Implementations.},
  booktitle = ndss,
  year      = 2013
}

@inproceedings{balakrishnan:cc:2004,
  author    = {Gogul Balakrishnan and Thomas Reps},
  title     = {Analyzing memory accesses in x86 executables},
  booktitle = cc,
  pages     = {5--23},
  year      = 2004
}

@inproceedings{balakrishnan:cc:2005,
  author    = {Gogul Balakrishnan and Radu Gruian and Thomas Reps and Tim Teitelbaum},
  title     = {{CodeSurfer}/x86---A Platform for Analyzing x86 Executables},
  booktitle = cc,
  pages     = {250--254},
  year      = 2005
}

@inproceedings{balakrishnan:vmcai:2007,
  author    = {Balakrishnan, Gogul and Reps, Thomas},
  title     = {{DIVINE}: Discovering Variables in Executables},
  booktitle = vmcai,
  pages     = {1--28},
  year      = 2007
}

@inproceedings{banks:isc:2006,
  author    = {Banks, Greg and Cova, Marco and Felmetsger, Viktoria and Almeroth, Kevin and Kemmerer, Richard and Vigna, Giovanni},
  title     = {{SNOOZE}: Toward a Stateful NetwOrk prOtocol fuzZEr},
  booktitle = isc,
  pages     = {343--358},
  year      = 2006
}

@inproceedings{bao:usec:2014,
  author    = {Tiffany Bao and Jonathan Burket and Maverick Woo and Rafael Turner and David Brumley},
  title     = {{ByteWeight}: Learning to recognize functions in binary code},
  booktitle = usenixsec,
  pages     = {845--860},
  year      = 2014
}

@inproceedings{bardin:cav:2011,
  author    = {S{\'e}bastien Bardin and Philippe Herrmann and J{\'e}r\^{o}me Leroux and Olivier Ly and Renaud Tabary and Aymeric Vincent},
  title     = {The {BINCOA} Framework for Binary Code Analysis},
  booktitle = cav,
  pages     = {165--170},
  year      = 2011
}

@inproceedings{bardin:oakland:2017,
  author    = {Bardin, S{\'e}bastien and David, Robin and Marion, Jean-Yves},
  title     = {Backward-Bounded DSE: Targeting Infeasibility Questions on Obfuscated Codes},
  booktitle = oakland,
  pages     = {633--651},
  year      = 2017
}

@inproceedings{barrett:cav:2005,
  author    = {Clark Barrett and Leonardo de Moura and Aaron Stump},
  title     = {{SMT-COMP}: Satisfiability Modulo Theories Competition},
  booktitle = cav,
  pages     = {20--23},
  year      = 2005
}

@inproceedings{bastani:pldi:2017,
  author    = {Osbert Bastani and Rahul Sharma and Alex Aiken and Percy Liang},
  title     = {Synthesizing Program Input Grammars},
  booktitle = pldi,
  pages     = {95--110},
  year      = 2017
}

@inproceedings{bauman:ndss:2018,
  author    = {Erick Bauman and Zhiqiang Lin and Kevin Hamlen},
  title     = {Superset Disassembly: Statically Rewriting x86 Binaries Without Heuristics},
  booktitle = ndss,
  year      = 2018
}

@inproceedings{bekrar:icst:2012,
  author    = {Sofia Bekrar and Chaouki Bekrar and Roland Groz and Laurent Mounier},
  title     = {A Taint Based Approach for Smart Fuzzing},
  booktitle = icst,
  pages     = {818--825},
  year      = 2012
}

@inproceedings{bellard:atc:2005,
  author    = {Fabrice Bellard},
  title     = {{QEMU}, a Fast and Portable Dynamic Translator},
  booktitle = atc,
  pages     = {41--46},
  year      = 2005
}

@inproceedings{beyer:tacas:2012,
  author    = {Beyer, Dirk},
  title     = {Competition on Software Verification},
  booktitle = tacas,
  pages     = {504--524},
  year      = 2012
}

@inproceedings{bielik:icml:2016,
  author    = {Pavol Bielik and Veselin Raychev and Martin Vechev},
  title     = {{PHOG}: Probabilistic Model for Code},
  booktitle = icml,
  pages     = {2933--2942},
  year      = 2016
}

@inproceedings{blanchet:pldi:2003,
  author    = {Blanchet, Bruno and Cousot, Patrick and Cousot, Radhia and Feret, J{\'e}r{\^o}me and Mauborgne, Laurent and Min{\'e}, Antoine and Monniaux, David and Rival, Xavier},
  title     = {A Static Analyzer for Large Safety-Critical Software},
  booktitle = pldi,
  pages     = {196--207},
  year      = 2003
}

@inproceedings{blanda:blackhat:2015,
  author    = {Alexandru Blanda},
  title     = {Fuzzing Android: A Recipe for Uncovering Vulnerabilities Inside System Components in Android},
  booktitle = blackhateu,
  year      = 2015
}

@inproceedings{bletsch:asiaccs:2011,
  author    = {Bletsch, Tyler and Jiang, Xuxian and Freeh, Vince W. and Liang, Zhenkai},
  title     = {Jump-Oriented Programming: A New Class of Code-Reuse Attack},
  booktitle = asiaccs,
  pages     = {30--40},
  year      = 2011
}

@inproceedings{bohme:ccs:2016,
  author    = {Marcel B\"{o}hme and Van-Thuan Pham and Abhik Roychoudhury},
  title     = {Coverage-based Greybox Fuzzing as Markov Chain},
  booktitle = ccs,
  pages     = {1032--1043},
  year      = 2016
}

@inproceedings{bohme:ccs:2017,
  author    = {Marcel B\"{o}hme and Van-Thuan Pham and Manh-Dung Nguyen and Abhik Roychoudhury},
  title     = {Directed Greybox Fuzzing},
  booktitle = ccs,
  pages     = {2329--2344},
  year      = 2017
}

@inproceedings{bohme:fse:2020,
  author    = {B\"{o}hme, Marcel and Man\`{e}s, Valentin J. M. and Sang Kil Cha},
  title     = {Boosting Fuzzer Efficiency: An Information Theoretic Perspective},
  booktitle = fse,
  pages     = {678--689},
  year      = 2020
}

@inproceedings{bonfante:ccs:2015,
  author    = {Bonfante, Guillaume and Fernandez, Jose and Marion, Jean-Yves and Rouxel, Benjamin and Sabatier, Fabrice and Thierry, Aur\'{e}lien},
  title     = {{CoDisasm}: Medium Scale Concatic Disassembly of Self-Modifying Binaries with Overlapping Instructions},
  booktitle = ccs,
  pages     = {745--756},
  year      = 2015
}

@inproceedings{bonneau:oakland:2012,
  author    = {Joseph Bonneau and Cormac Herley and Paul C {Van Oorschot} and Frank Stajano},
  title     = {The Quest to Replace Passwords: A Framework for Comparative Evaluation of Web Authentication Schemes},
  booktitle = oakland,
  pages     = {553--567},
  year      = 2012
}

@inproceedings{boonstoppel:tacas:2008,
  author    = {Boonstoppel, Peter and Cadar, Cristian and Engler, Dawson},
  title     = {{RWset}: Attacking Path Explosion in Constraint-based Test Generation},
  booktitle = tacas,
  pages     = {351--366},
  year      = 2008
}

@inproceedings{borzacchiello:icse:2021,
  author    = {Borzacchiello, Luca and Coppa, Emilio and Demetrescu, Camil},
  title     = {Fuzzing Symbolic Expressions},
  booktitle = icse,
  pages     = {711--722},
  year      = 2021
}

@inproceedings{bounimova:icse:2013,
  author    = {Bounimova, Ella and Godefroid, Patrice and Molnar, David},
  title     = {Billions and Billions of Constraints: Whitebox Fuzz Testing in Production},
  booktitle = icse,
  pages     = {122--131},
  year      = 2013
}

@inproceedings{brennan:icse:2020,
  author    = {Brennan, Tegan and Saha, Seemanta and Bultan, Tevfik},
  title     = {{JVM} Fuzzing for {JIT}-Induced Side-Channel Detection},
  booktitle = icse,
  pages     = {1011--1023},
  year      = 2020
}

@inproceedings{brown:fse:2017,
  author    = {Brown, David Bingham and Vaughn, Michael and Liblit, Ben and Reps, Thomas},
  title     = {The Care and Feeding of Wild-Caught Mutants},
  booktitle = fse,
  pages     = {511--522},
  year      = 2017
}

@inproceedings{brown:oakland:2017,
  author    = {Fraser Brown and Shravan Narayan and Riad S. Wahby and Dawson Engler and Ranjit Jhala and Deian Stefan},
  title     = {Finding and Preventing Bugs in JavaScript Bindings},
  booktitle = oakland,
  pages     = {559--578},
  year      = 2017
}

@inproceedings{brown:usec:2020,
  author    = {Brown, Fraser and Stefan, Deian and Engler, Dawson},
  title     = {{Sys}: A Static/Symbolic Tool for Finding Good Bugs in Good (Browser) Code},
  booktitle = usenixsec,
  pages     = {199--216},
  year      = 2020
}

@inproceedings{brubaker:oakland:2014,
  author    = {Chad Brubaker and Suman Janapa and Baishakhi Ray and Sarfraz Khurshid and Vitaly Shmatikov},
  title     = {Using Frankencerts for Automated Adversarial Testing of Certificate Validation in {SSL}/{TLS} Implementations},
  booktitle = oakland,
  pages     = {114--129},
  year      = 2014
}

@inproceedings{bruening:cgo:2003,
  author    = {Derek Bruening and Timothy Garnett and Saman Amarasinghe},
  title     = {An Infrastructure for Adaptive Dynamic Optimization},
  booktitle = cgo,
  pages     = {265--275},
  year      = 2003
}

@inproceedings{brumley:cav:2011,
  author    = {David Brumley and Ivan Jager and Thanassis Avgerinos and Edward J. Schwartz},
  title     = {{BAP}: A Binary Analysis Platform},
  booktitle = cav,
  pages     = {463--469},
  year      = 2011
}

@inproceedings{bucur:eurosys:2011,
  author    = {Bucur, Stefan and Ureche, Vlad and Zamfir, Cristian and Candea, George},
  title     = {Parallel Symbolic Execution for Automated Real-world Software Testing},
  booktitle = eurosys,
  pages     = {183--198},
  year      = 2011
}

@inproceedings{budi:pldi:2011,
  author    = {Aditya Budi and David Lo and Lingxiao Jiang and Lucia},
  title     = {{kb-Anonymity}: A Model for Anonymized Behavior-Preserving Test and Debugging Data},
  booktitle = pldi,
  pages     = {447--457},
  year      = 2011
}

@inproceedings{bugrara:atc:2013,
  author    = {Bugrara, Suhabe and Engler, Dawson},
  title     = {Redundant State Detection for Dynamic Symbolic Execution},
  booktitle = atc,
  pages     = {199--212},
  year      = 2013
}

@inproceedings{bundt:asiaccs:2021,
  author    = {Bundt, Joshua and Fasano, Andrew and Dolan-Gavitt, Brendan and Robertson, William and Leek, Tim},
  title     = {Evaluating Synthetic Bugs},
  booktitle = asiaccs,
  pages     = {716--730},
  year      = 2021
}

@inproceedings{burnim:ase:2008,
  author    = {Jacob Burnim and Koushik Sen},
  title     = {Heuristics for Scalable Dynamic Test Generation},
  booktitle = ase,
  pages     = {443--446},
  year      = 2008
}

@inproceedings{caballero:ccs:2007,
  author    = {Caballero, Juan and Yin, Heng and Liang, Zhenkai and Song, Dawn},
  title     = {Polyglot: Automatic Extraction of Protocol Message Format using Dynamic Binary Analysis},
  booktitle = ccs,
  pages     = {317--329},
  year      = 2007
}

@inproceedings{caballero:ccs:2010,
  author    = {Caballero, Juan and Poosankam, Pongsin and McCamant, Stephen and Babi\'{c}, Domagoj and Song, Dawn},
  title     = {Input Generation via Decomposition and Re-stitching: Finding Bugs in Malware},
  booktitle = ccs,
  pages     = {413--425},
  year      = 2010
}

@inproceedings{caballero:ndss:2010,
  author    = {Caballero, Juan and Johnson, Noah M and McCamant, Stephen and Song, Dawn},
  title     = {Binary Code Extraction and Interface Identification for Security Applications},
  booktitle = ndss,
  year      = 2010
}

@inproceedings{cadar:icse:2011,
  author    = {Cadar, Cristian and Godefroid, Patrice and Khurshid, Sarfraz and P\u{a}s\u{a}reanu, Corina S. and Sen, Koushik and Tillmann, Nikolai and Visser, Willem},
  title     = {Symbolic Execution for Software Testing in Practice: Preliminary Assessment},
  booktitle = icse,
  pages     = {1066--1071},
  year      = 2011
}

@inproceedings{cadar:osdi:2008,
  author    = {Cristian Cadar and Daniel Dunbar and Dawson Engler},
  title     = {{KLEE}: Unassisted and Automatic Generation of High-Coverage Tests for Complex Systems Programs},
  booktitle = osdi,
  pages     = {209--224},
  year      = 2008
}

@inproceedings{cai:icse:2012,
  author    = {Yan Cai and W.K. Chan},
  title     = {{MagicFuzzer}: Scalable Deadlock Detection for Large-Scale Applications},
  booktitle = icse,
  pages     = {606--616},
  year      = 2012
}

@inproceedings{calcagno:nfm:2015,
  author    = {Cristiano Calcagno and Dino Distefano and J{\'e}r{\'e}my Dubreil and Dominik Gabi and Pieter Hooimeijer and Martino Luca and Peter O'Hearn and Irene Papakonstantinou and Jim Purbrick and Dulma Rodriguez},
  title     = {Moving Fast With Software Verification},
  booktitle = {Proceedings of the {NASA} Formal Methods Symposium},
  pages     = {3--11},
  year      = 2015
}

@inproceedings{carnavalet:ndss:2014,
  author    = {Carnavalet, Xavier De Carn{\'e} De and Mohammad Mannan},
  title     = {From Very Weak to Very Strong: Analyzing Password-Strength Meters},
  booktitle = ndss,
  pages     = {23--26},
  year      = 2014
}

@inproceedings{castelluccia:ndss:2012,
  author    = {Claude Castelluccia and Markus D{\"u}rmuth and Daniele Perito},
  title     = {Adaptive Password-Strength Meters from Markov Models},
  booktitle = ndss,
  pages     = {1--15},
  year      = 2012
}

@inproceedings{cha:ccs:2010,
  author    = {Sang Kil Cha and Brian Pak and David Brumley and Richard J. Lipton},
  title     = {Platform-Independent Programs},
  booktitle = ccs,
  pages     = {547--558},
  year      = 2010
}

@inproceedings{cha:nsdi:2010,
  author    = {Sang Kil Cha and Iulian Moraru and Jiyong Jang and John Truelove and David Brumley and David G. Andersen},
  title     = {{SplitScreen}: Enabling Efficient, Distributed Malware Detection},
  booktitle = nsdi,
  pages     = {377--390},
  year      = 2010
}

@inproceedings{cha:oakland:2012,
  author    = {Sang Kil Cha and Thanassis Avgerinos and Alexandre Rebert and David Brumley},
  title     = {Unleashing Mayhem on Binary Code},
  booktitle = oakland,
  pages     = {380--394},
  year      = 2012
}

@inproceedings{cha:oakland:2015,
  author    = {Sang Kil Cha and Maverick Woo and David Brumley},
  title     = {Program-Adaptive Mutational Fuzzing},
  booktitle = oakland,
  pages     = {725--741},
  year      = 2015
}

@inproceedings{chandra:oopsla:2016,
  author    = {Chandra, Satish and Gordon, Colin S. and Jeannin, Jean-Baptiste and Schlesinger, Cole and Sridharan, Manu and Tip, Frank and Choi, Youngil},
  title     = {Type Inference for Static Compilation of JavaScript},
  booktitle = oopsla,
  pages     = {410--429},
  year      = 2016
}

@inproceedings{checkoway:ccs:2010,
  author    = {Checkoway, Stephen and Davi, Lucas and Dmitrienko, Alexandra and Sadeghi, Ahmad-Reza and Shacham, Hovav and Winandy, Marcel},
  title     = {Return-Oriented Programming without Returns},
  booktitle = ccs,
  pages     = {559--572},
  year      = 2010
}

@inproceedings{chen:cansecwest:2016,
  author    = {Liang Chen and Marco Grassi and Qidan He},
  title     = {Don't Trust Your Eye: Apple Graphics Is Compromised!},
  booktitle = cansecwest,
  year      = 2016
}

@inproceedings{chen:ccs:2018,
  author    = {Chen, Hongxu and Xue, Yinxing and Li, Yuekang and Chen, Bihuan and Xie, Xiaofei and Wu, Xiuheng and Liu, Yang},
  title     = {Hawkeye: Towards a Desired Directed Grey-box Fuzzer},
  booktitle = ccs,
  pages     = {2095--2108},
  year      = 2018
}

@inproceedings{chen:fse:2015,
  author    = {Chen, Yuting and Su, Zhendong},
  title     = {Guided Differential Testing of Certificate Validation in SSL/TLS Implementations},
  booktitle = fse,
  pages     = {793--804},
  year      = 2015
}

@inproceedings{chen:ndss:2015,
  author    = {Chen, Xi and Slowinska, Asia and Andriesse, Dennis and Bos, Herbert and Giuffrida, Cristiano},
  title     = {StackArmor: Comprehensive Protection From Stack-based Memory Error Vulnerabilities for Binaries},
  booktitle = ndss,
  year      = 2015
}

@inproceedings{chen:ndss:2018,
  author    = {Jiongyi Chen and Wenrui Diao and Qingchuan Zhao and Chaoshun Zuo and Zhiqiang Lin and XiaoFeng Wang and Wing Cheong Lau and Menghan Sun and Ronghai Yang and Kehuan Zhang},
  title     = {{IoTFuzzer}: Discovering Memory Corruptions in {IoT} Through App-based Fuzzing},
  booktitle = ndss,
  year      = 2018
}

@inproceedings{chen:oakland:2017,
  author    = {Chen, Yaohui and Zhang, Dongli and Wang, Ruowen and Qiao, Rui and Azab, Ahmed M and Lu, Long and Vijayakumar, Hayawardh and Shen, Wenbo},
  title     = {{NORAX}: Enabling Execute-Only Memory for {COTS} Binaries on AArch64},
  booktitle = oakland,
  pages     = {304--319},
  year      = 2017
}

@inproceedings{chen:oakland:2018,
  author    = {Peng Chen and Hao Chen},
  title     = {Angora: Efficient Fuzzing by Principled Search},
  booktitle = oakland,
  pages     = {855--869},
  year      = 2018
}

@inproceedings{chen:pldi:2013,
  author    = {Chen, Yang and Groce, Alex and Zhang, Chaoqiang and Wong, Weng-Keen and Fern, Xiaoli and Eide, Eric and Regehr, John},
  title     = {Taming Compiler Fuzzers},
  booktitle = pldi,
  pages     = {197--208},
  year      = 2013
}

@inproceedings{chen:pldi:2016,
  author    = {Yuting Chen and ChenTing Su and Chengnian Sun and SunZhendong Su and Jianjun Zhao},
  title     = {Coverage-Directed Differential Testing of JVM Implementations},
  booktitle = pldi,
  pages     = {85--99},
  year      = 2016
}

@inproceedings{chen:poc:2012,
  author    = {Xiaobo Chen and Hao Xu},
  title     = {Find Your Own iOS Kernel Bug},
  booktitle = {Proceedings of the {P}ower of {C}ommunity},
  year      = 2012
}

@inproceedings{chipounov:asplos:2011,
  author    = {Vitaly Chipounov and Volodymyr Kuznetsov and George Candea},
  title     = {{S2E}: A Platform for In-Vivo Multi-Path Analysis of Software Systems},
  booktitle = asplos,
  pages     = {265--278},
  year      = 2011
}

@inproceedings{choi:ase:2021,
  author    = {Choi, Jaeseung and Kim, Doyeon and Kim, Soomin and Grieco, Gustavo and Groce, Alex and Sang Kil Cha},
  title     = {{SMARTIAN}: Enhancing Smart Contract Fuzzing with Static and Dynamic Data-Flow Analyses},
  booktitle = ase,
  pages     = {227--239},
  year      = 2021
}

@inproceedings{choi:iccsa:2008,
  author    = {YoungHan Choi and HyoungChun Kim and HyungGeun Oh and Dohoon Lee},
  title     = {Call-Flow Aware API Fuzz Testing for Security of Windows Systems},
  booktitle = {Proceedings of the International Conference on Computational Sciences and Its Applications},
  pages     = {19--25},
  year      = 2008
}

@inproceedings{choi:icse:2019,
  author    = {Jaeseung Choi and Joonun Jang and Choongwoo Han and Sang Kil Cha},
  title     = {Grey-box Concolic Testing on Binary Code},
  booktitle = icse,
  pages     = {736--747},
  year      = 2019
}

@inproceedings{choi:oakland:2021,
  author    = {Jaeseung Choi and Kangsu Kim and Daejin Lee and Sang Kil Cha},
  title     = {{NTFuzz}: Enabling Type-Aware Kernel Fuzzing on Windows with Static Binary Analysis},
  booktitle = oakland,
  pages     = {1973--1989},
  year      = 2021
}

@inproceedings{christakis:icse:2016,
  author    = {Maria Christakis and Peter M{\"u}ller and Valentin W{\"u}stholz},
  title     = {Guiding Dynamic Symbolic Execution Toward Unverified Program Executions},
  booktitle = icse,
  pages     = {144--155},
  year      = 2016
}

@inproceedings{christodorescu:2005,
  author    = {Mihai Christodorescu and Somesh Jha and Sanjit A. Seshia and Dawn Song and Randal E. Bryant},
  title     = {Semantics-Aware Malware Detection},
  booktitle = oakland,
  pages     = {32--46},
  year      = 2005
}

@inproceedings{christodorescu:fse:2007,
  author    = {Christodorescu, Mihai and Jha, Somesh and Kruegel, Christopher},
  title     = {Mining Specifications of Malicious Behavior},
  booktitle = fse,
  pages     = {5--14},
  year      = 2007
}

@inproceedings{cifuentes:1998,
  author    = {C. Cifuentes and S. Sendall},
  title     = {Specifying the Semantics of Machine Instructions},
  booktitle = {Proceedings of the International Workshop on Program Comprehension},
  pages     = {126--133},
  year      = 1998
}

@inproceedings{claessen:icfp:2011,
  author    = {Claessen, Koen and Hughes, John},
  title     = {{QuickCheck}: A Lightweight Tool for Random Testing of Haskell Programs},
  booktitle = {Proceedings of International Conference on Functional Programming},
  pages     = {268--279},
  year      = 2000
}

@inproceedings{collberg:popl:1998,
  author    = {Collberg, Christian and Thomborson, Clark and Low, Douglas},
  title     = {Manufacturing Cheap, Resilient, and Stealthy Opaque Constructs},
  booktitle = popl,
  pages     = {184--196},
  year      = 1998
}

@inproceedings{comparetti:oakland:2009,
  author    = {Comparetti, P.M. and Wondracek, G. and Kruegel, C. and Kirda, E.},
  title     = {Prospex: Protocol Specification Extraction},
  booktitle = oakland,
  pages     = {110--125},
  year      = 2009
}

@inproceedings{copos:2015,
  author    = {Copos, Bogdan and Murthy, Praveen},
  title     = {InputFinder: Reverse Engineering Closed Binaries Using Hardware Performance Counters},
  booktitle = {Proceedings of the Program Protection and Reverse Engineering Workshop},
  pages     = {2:1--2:12},
  year      = 2015
}

@inproceedings{corina:ccs:2017,
  author    = {Corina, Jake and Machiry, Aravind and Salls, Christopher and Shoshitaishvili, Yan and Hao, Shuang and Kruegel, Christopher and Vigna, Giovanni},
  title     = {{DIFUZE}: Interface Aware Fuzzing for Kernel Drivers},
  booktitle = ccs,
  pages     = {2123--2138},
  year      = 2017
}

@inproceedings{cousot:popl:1977,
  author    = {Cousot, Patrick and Cousot, Radhia},
  title     = {Abstract Interpretation: A Unified Lattice Model for Static Analysis of Programs by Construction or Approximation of Fixpoints},
  booktitle = popl,
  pages     = {238--252},
  year      = 1977
}

@inproceedings{cousot:popl:1997,
  author    = {Cousot, Patrick},
  title     = {Types as abstract interpretations},
  booktitle = popl,
  pages     = {316--331},
  year      = 1997
}

@inproceedings{crane:oakland:2015,
  author    = {Crane, Stephen and Liebchen, Christopher and Homescu, Andrei and Davi, Lucas and Larsen, Per and Sadeghi, Ahmad-Reza and Brunthaler, Stefan and Franz, Michael},
  title     = {Readactor: Practical Code Randomization Resilient to Memory Disclosure},
  booktitle = oakland,
  pages     = {763--780},
  year      = 2015
}

@inproceedings{cui:ccs:2008,
  author    = {Weidong Cui and Marcus Peinado and Karl Chen and Helen J. Wang and Luis Irun-Briz},
  title     = {Tupni: Automatic Reverse Engineering of Input Formats},
  booktitle = ccs,
  pages     = {391--402},
  year      = 2008
}

@inproceedings{cui:icse:2016,
  author    = {Weidong Cui and Marcus Peinado and Sang Kil Cha and Yanick Fratantonio and Vasileios P. Kemerlis},
  title     = {{RETracer}: Triaging Crashes by Reverse Execution from Partial Memory Dumps},
  booktitle = icse,
  pages     = {820--831},
  year      = 2016
}

@inproceedings{das:ndss:2014,
  author    = {Anupam Das and Joseph Bonneau and Matthew Caesar and Nikita Borisov and XiaoFeng Wang},
  title     = {The Tangled Web of Password Reuse},
  booktitle = ndss,
  year      = 2014
}

@inproceedings{dell'amico:infocom:2010,
  author    = {Matteo Dell'Amico and Pietro Michiardi and Yves Roudier},
  title     = {Password Strength: An Empirical Analysis},
  booktitle = infocom,
  pages     = {983--991},
  year      = 2010
}

@inproceedings{dellatoffola:ase:2017,
  author    = {Della Toffola, Luca and Staicu, Cristian Alexandru and Pradel, Michael},
  title     = {Saying `Hi!' is Not Enough: Mining Inputs for Effective Test Generation},
  booktitle = ase,
  pages     = {44--49},
  year      = 2017
}

@inproceedings{demott:blackhat:2007,
  author    = {Jared D. DeMott and Richard J. Enbody and William F. Punch},
  title     = {Revolutionizing the Field of Grey-box Attack Surface Testing with Evolutionary Fuzzing},
  booktitle = blackhatusa,
  year      = 2007
}

@inproceedings{deng:esorics:2013,
  author    = {Deng, Zhui and Zhang, Xiangyu and Xu, Dongyan},
  title     = {{BISTRO}: Binary Component Extraction and Embedding for Software Security Applications},
  booktitle = esorics,
  pages     = {200--218},
  year      = 2013
}

@inproceedings{dewey:ase:2014,
  author    = {Kyle Dewey and Jared Roesch and Ben Hardekopf},
  title     = {Language Fuzzing Using Constraint Logic Programming},
  booktitle = ase,
  pages     = {725--730},
  year      = 2014
}

@inproceedings{dewey:ase:2015,
  author    = {Kyle Dewey and Jared Roesch and Ben Hardekopf},
  title     = {Fuzzing the Rust Typechecker Using CLP},
  booktitle = ase,
  pages     = {482--493},
  year      = 2015
}

@inproceedings{dhok:icse:2016,
  author    = {Dhok, Monika and Ramanathan, Murali Krishna and Sinha, Nishant},
  title     = {Type-Aware Concolic Testing of {JavaScript} Programs},
  booktitle = icse,
  pages     = {168--179},
  year      = 2016
}

@inproceedings{dietz:icse:2012,
  author    = {Will Dietz and Peng Li and John Regehr and Vikram Adve},
  title     = {Understanding Integer Overflow in {C}/{C}++},
  booktitle = icse,
  pages     = {760--770},
  year      = 2012
}

@inproceedings{difederico:cc:2017,
  author    = {Di Federico, Alessandro and Payer, Mathias and Agosta, Giovanni},
  title     = {Rev.Ng: A Unified Binary Analysis Framework to Recover CFGs and Function Boundaries},
  booktitle = cc,
  pages     = {131--141},
  year      = 2017
}

@inproceedings{dillig:esop:2010,
  author    = {Dillig, Isil and Dillig, Thomas and Aiken, Alex},
  title     = {Fluid Updates: Beyond Strong vs. Weak Updates},
  booktitle = esop,
  pages     = {246--266},
  year      = 2010
}

@inproceedings{dinesh:oakland:2020,
  author    = {Dinesh, S and Burow, N and Xu, D and Payer, M},
  title     = {RetroWrite: Statically Instrumenting {COTS} Binaries for Fuzzing and Sanitization},
  booktitle = oakland,
  pages     = {128--142},
  year      = 2020
}

@inproceedings{djoudi:tacas:2015,
  author    = {Djoudi, Adel and Bardin, S{\'e}bastien},
  title     = {{BINSEC}: Binary Code Analysis with Low-Level Regions},
  booktitle = tacas,
  pages     = {212--217},
  year      = 2015
}

@inproceedings{dolan-gavitt:ccs:2009,
  author    = {Dolan-Gavitt, Brendan and Srivastava, Abhinav and Traynor, Patrick and Giffin, Jonathon},
  title     = {Robust Signatures for Kernel Data Structures},
  booktitle = ccs,
  pages     = {566--577},
  year      = 2009
}

@inproceedings{dolan-gavitt:oakland:2016,
  author    = {Dolan-Gavitt, Brendan and Hulin, Patrick and Kirda, Engin and Leek, Tim and Mambretti, Andrea and Robertson, Wil and Ulrich, Frederick and Whelan, Ryan},
  title     = {{LAVA}: Large-scale Automated Vulnerability Addition},
  booktitle = oakland,
  pages     = {110--121},
  year      = 2016
}

@inproceedings{doupe:usec:2012,
  author    = {Adam Doup{\'e} and Ludovico Cavedon and Christopher Kruegel and Giovanni Vigna},
  title     = {{Enemy of the State}: A State-Aware Black-Box Web Vulnerability Scanner},
  booktitle = usenixsec,
  pages     = {523--538},
  year      = 2012
}

@inproceedings{du:icse:2022,
  author    = {Du, Zhengjie and Li, Yuekang and Liu, Yang and Mao, Bing},
  title     = {Windranger: A Directed Greybox Fuzzer driven by Deviation Basic Blocks},
  booktitle = icse,
  pages     = {2440--2451},
  year      = 2022
}

@inproceedings{duchene:codaspy:2014,
  author    = {Duchene, Fabien and Rawat, Sanjay and Richier, Jean-Luc and Groz, Roland},
  title     = {KameleonFuzz: Evolutionary Fuzzing for Black-box {XSS} Detection},
  booktitle = codaspy,
  pages     = {37--48},
  year      = 2014
}

@inproceedings{duck:pldi:2020,
  author    = {Duck, Gregory J and Gao, Xiang and Roychoudhury, Abhik},
  title     = {Binary Rewriting without Control Flow Recovery},
  booktitle = pldi,
  pages     = {151--163},
  year      = 2020
}

@inproceedings{dullien:cansecwest:2009,
  author    = {Thomas Dullien and Sebastian Porst},
  title     = {{REIL}: A Platform-Independent Intermediate Representation of Disassembled Code for Static Code Analysis},
  booktitle = cansecwest,
  year      = 2009
}

@inproceedings{duran:cansecwest:2011,
  author    = {Dustin Duran and David Weston and Matt Miller},
  title     = {Targeted Taint Driven Fuzzing using Software Metrics},
  booktitle = cansecwest,
  year      = 2011
}

@inproceedings{durieux:icse:2020,
  author    = {Thomas Durieux and Jo$\tilde{\text{a}}$o F. Ferreira and Rui Abreu and Pedro Cruz},
  title     = {Empirical Review of Automated Analysis Tools on 47,587 Ethereum Smart Contracts},
  booktitle = icse,
  pages     = {530--541},
  year      = 2020
}

@inproceedings{egelman:chi:2013,
  author    = {Serge Egelman and Andreas Sotirakopoulos and Ildar Muslukhov and Konstantin Beznosov and Cormac Herley},
  title     = {Does My Password Go up to Eleven?: The Impact of Password Meters on Password Selection},
  booktitle = chi,
  pages     = {2379--2388},
  year      = 2013
}

@inproceedings{elwazeer:pldi:2013,
  author    = {ElWazeer, Khaled and Anand, Kapil and Kotha, Aparna and Smithson, Matthew and Barua, Rajeev},
  title     = {Scalable Variable and Data Type Detection in a Binary Rewriter},
  booktitle = pldi,
  pages     = {51--60},
  year      = 2013
}

@inproceedings{embleton:blackhat:2006,
  author    = {Shawn Embleton and Sherri Sparks and Ryan Cunningham},
  title     = {``Sidewinder'': An Evolutionary Guidance System for Malicious Input Crafting},
  booktitle = blackhatusa,
  year      = 2006
}

@inproceedings{emmerik:2004,
  author    = {Mike Van Emmerik and Trent Waddington},
  title     = {Using a Decompiler for Real-World Source Recovery},
  booktitle = {Proceedings of the Working Conference on Reverse Engineering},
  pages     = {27--36},
  year      = 2004
}

@inproceedings{erkok:2009,
  author    = {Levent Erk\"{o}k and John Matthews},
  title     = {Pragmatic Equivalence and Safety Checking in Cryptol},
  booktitle = {Proceedings of the Workshop on Programming Languages Meets Program Verification},
  pages     = {73--82},
  year      = 2008
}

@inproceedings{erlingsson:osdi:2006,
  author    = {Erlingsson, Ulfar and Abadi, Martin and Vrable, Michael and Budiu, Mihai and Necula, George C},
  title     = {{XFI}: Software Guards for System Address Spaces},
  booktitle = osdi,
  pages     = {75--88},
  year      = 2006
}

@inproceedings{feldt:icst:2016,
  author    = {Feldt, Robert and Poulding, Simon and Clark, David and Yoo, Shin},
  title     = {Test Set Diameter: Quantifying the Diversity of Sets of Test Cases},
  booktitle = icst,
  pages     = {223--233},
  year      = 2016
}

@inproceedings{felt:ccs:2011,
  author    = {Felt, Adrienne Porter and Chin, Erika and Hanna, Steve and Song, Dawn and Wagner, David},
  title     = {Android Permissions Demystified},
  booktitle = ccs,
  pages     = {627--638},
  year      = 2011
}

@inproceedings{filliatre:2006,
  author    = {Filli\^{a}tre, Jean-Christophe and Conchon, Sylvain},
  title     = {Type-safe Modular Hash-consing},
  booktitle = {Proceedings of the Workshop on ML},
  pages     = {12--19},
  year      = 2006
}

@inproceedings{fleury:2015,
  author    = {Emmanuel Fleury and Olivier Ly and G{\'e}rald Point and Aymeric Vincent},
  title     = {Insight: An Open Binary Analysis Framework},
  booktitle = tacas,
  pages     = {218--224},
  year      = 2015
}

@inproceedings{flores-montoya:usec:2020,
  author    = {Flores-Montoya, Antonio and Schulte, Eric},
  title     = {Datalog Disassembly},
  booktitle = usenixsec,
  pages     = {1075--1092},
  year      = 2020
}

@inproceedings{ford:atc:2008,
  author    = {Bryan Ford and Russ Cox},
  title     = {Vx32: Lightweight User-level Sandboxing on the x86},
  booktitle = atc,
  pages     = {293--306},
  year      = 2008
}

@inproceedings{gan:oakland:2018,
  author    = {Shuitao Gan and Chao Zhang and Xiaojun Qin and Xuwen Tu and Kang Li and Zhongyu Pei and Zuoning Chen},
  title     = {{CollAFL}: Path Sensitive Fuzzing},
  booktitle = oakland,
  pages     = {660--677},
  year      = 2018
}

@inproceedings{ganesh:icse:2009,
  author    = {Vijay Ganesh and Tim Leek and Martin Rinard},
  title     = {Taint-based Directed Whitebox Fuzzing},
  booktitle = icse,
  pages     = {474--484},
  year      = 2009
}

@inproceedings{garn:icstw:2014,
  author    = {Bernhard Garn and Dimitris E. Simos},
  title     = {{Eris}: A Tool for Combinatorial Testing of the Linux System Call Interface},
  booktitle = icstw,
  pages     = {58--67},
  year      = 2014
}

@inproceedings{gascon:seccomm:2015,
  author    = {Hugo Gascon and Christian Wressnegger and Fabian Yamaguchi and Daniel Arp and Konrad Rieck},
  title     = {{PULSAR}: Stateful Black-Box Fuzzing of Proprietary Network Protocols},
  booktitle = {Proceedings of the International Conference on Security and Privacy in Communication Systems},
  pages     = {330--347},
  year      = 2015
}

@inproceedings{gauthier:ares:2011,
  author    = {Amaury Gauthier and Clement Mazin and Julien Iguchi-Cartigny and Jean-Louis Lanet},
  title     = {Enhancing fuzzing technique for {OKL4} syscalls testing},
  booktitle = {Proceedings of the International Conference on Availability},
  pages     = {728--733},
  year      = 2011
}

@inproceedings{gens:ndss:2018,
  author    = {Gens, David and Schmitt, Simon and Davi, Lucas and Sadeghi, Ahmad-Reza},
  title     = {{K-Miner}: Uncovering Memory Corruption in Linux},
  booktitle = ndss,
  year      = 2018
}

@inproceedings{godefroid:ase:2017,
  author    = {Patrice Godefroid and Hila Peleg and Rishabh Singh},
  title     = {{L}earn\&{F}uzz: Machine Learning for Input Fuzzing},
  booktitle = ase,
  pages     = {50--59},
  year      = 2017
}

@inproceedings{godefroid:ndss:2008,
  author    = {Patrice Godefroid and Michael Y. Levin and David A Molnar},
  title     = {Automated Whitebox Fuzz Testing},
  booktitle = ndss,
  pages     = {151--166},
  year      = 2008
}

@inproceedings{godefroid:pldi:2005,
  author    = {Godefroid, Patrice and Klarlund, Nils and Sen, Koushik},
  title     = {{DART}: Directed Automated Random Testing},
  booktitle = pldi,
  pages     = {213--223},
  year      = 2005
}

@inproceedings{godefroid:pldi:2008,
  author    = {Godefroid, Patrice and Kiezun, Adam and Levin, Michael Y.},
  title     = {Grammar-based Whitebox Fuzzing},
  booktitle = pldi,
  pages     = {206--215},
  year      = 2008
}

@inproceedings{godefroid:pldi:2012,
  author    = {Patrice Godefroid and Ankur Taly},
  title     = {Automated Synthesis of Symbolic Instruction Encodings from I/O Samples},
  booktitle = pldi,
  pages     = {441--452},
  year      = 2012
}

@inproceedings{godefroid:popl:2007,
  author    = {Patrice Godefroid},
  title     = {Compositional Dynamic Test Generation},
  booktitle = popl,
  pages     = {47--54},
  year      = 2007
}

@inproceedings{godefroid:rt:2007,
  author    = {Godefroid, Patrice},
  title     = {Random Testing for Security: Blackbox vs. Whitebox Fuzzing},
  booktitle = {Proceedings of the International Workshop on Random Testing},
  pages     = {1--1},
  year      = 2007
}

@inproceedings{goldberg:2001,
  author    = {E. Goldberg and M. Prasad and R. Brayton},
  title     = {Using {SAT} for Combinational Equivalence Checking},
  booktitle = {Proceedings of the Conference on Design},
  pages     = {114--121},
  year      = 2001
}

@inproceedings{goodman:oakland:2018,
  author    = {Goodman, Peter and Dinaburg, Artem},
  title     = {The Past, Present, and Future of Cyberdyne},
  booktitle = oakland,
  pages     = {61--69},
  year      = 2018
}

@inproceedings{grieco:2016,
  author    = {Grieco, Gustavo and Ceresa, Mart{\'\i}n and Buiras, Pablo},
  title     = {QuickFuzz: An Automatic Random Fuzzer for Common File Formats},
  booktitle = {Proceedings of the 9th International Symposium on Haskell},
  pages     = {13--20},
  year      = 2016
}

@inproceedings{guha:ecoop:2010,
  author    = {Arjun Guha and Claudiu Saftoiu and Shriram Krishnamurthi},
  title     = {The Essence of {JavaScript}},
  booktitle = ecoop,
  pages     = {126--150},
  year      = 2010
}

@inproceedings{gulwani:popl:2011,
  author    = {Gulwani, Sumit},
  title     = {Automating String Processing in Spreadsheets Using Input-Output Examples},
  booktitle = popl,
  pages     = {317--330},
  year      = 2011
}

@inproceedings{guo:fse:2018,
  author    = {Guo, Jianmin and Jiang, Yu and Zhao, Yue and Chen, Quan and Sun, Jiaguang},
  title     = {{DLFuzz}: Differential Fuzzing Testing of Deep Learning Systems},
  booktitle = fse,
  pages     = {739--743},
  year      = 2018
}

@inproceedings{gussoni:asiaccs:2020,
  author    = {Gussoni, Andrea and Di Federico, Alessandro and Fezzardi, Pietro and Agosta, Giovanni},
  title     = {A Comb for Decompiled {C} Code},
  booktitle = asiaccs,
  pages     = {637--651},
  year      = 2020
}

@inproceedings{hackett:pldi:2012,
  author    = {Brian Hackett and Shu-yu Guo},
  title     = {Fast and Precise Hybrid Type Inference for {JavaScript}},
  booktitle = pldi,
  pages     = {239--250},
  year      = 2012
}

@inproceedings{haller:sigsac:2016,
  author    = {Haller, Istvan and Jeon, Yuseok and Peng, Hui and Payer, Mathias and Giuffrida, Cristiano and Bos, Herbert and Van Der Kouwe, Erik},
  title     = {{T}ype{S}an: Practical Type Confusion Detection},
  booktitle = ccs,
  pages     = {517--528},
  year      = 2016
}

@inproceedings{haller:usec:2013,
  author    = {Haller, Istvan and Slowinska, Asia and Neugschwandtner, Matthias and Bos, Herbert},
  title     = {Dowsing for Overflows: A Guided Fuzzer to Find Buffer Boundary Violations},
  booktitle = usenixsec,
  pages     = {49--64},
  year      = 2013
}

@inproceedings{hamlet:2006,
  author    = {Hamlet, Dick},
  title     = {When Only Random Testing Will Do},
  booktitle = {Proceedings of the International Workshop on Random Testing},
  pages     = {1--9},
  year      = 2006
}

@inproceedings{han:ccs:2017,
  author    = {HyungSeok Han and Sang Kil Cha},
  title     = {{IMF}: Inferred Model-based Fuzzer},
  booktitle = ccs,
  pages     = {2345--2358},
  year      = 2017
}

@inproceedings{han:ndss:2018,
  author    = {Han, Wookhyun and Joe, Byunggill and Lee, Byoungyoung and Song, Chengyu and Shin, Insik},
  title     = {Enhancing Memory Error Detection for Large-Scale Applications and Fuzz Testing},
  booktitle = ndss,
  year      = 2018
}

@inproceedings{han:ndss:2019,
  author    = {HyungSeok Han and DongHyeon Oh and Sang Kil Cha},
  title     = {{CodeAlchemist}: Semantics-Aware Code Generation to Find Vulnerabilities in JavaScript Engines},
  booktitle = ndss,
  year      = 2019
}

@inproceedings{hasabnis:asplos:2016,
  author    = {Niranjan Hasabnis and R. Sekar},
  title     = {Lifting Assembly to Intermediate Representation: A Novel Approach Leveraging Compilers},
  booktitle = asplos,
  pages     = {311--324},
  year      = 2016
}

@inproceedings{hasabnis:cgo:2015,
  author    = {Niranjan Hasabnis and Rui Qiao and R. Sekar},
  title     = {Checking Correctness of Code Generator Architecture Specifications},
  booktitle = cgo,
  pages     = {167--178},
  year      = 2015
}

@inproceedings{hawkins:dsn:2017,
  author    = {Hawkins, William H and Hiser, Jason D and Co, Michele and Nguyen-Tuong, Anh and Davidson, Jack W},
  title     = {Zipr: Efficient Static Binary Rewriting for Security},
  booktitle = dsn,
  pages     = {559--566},
  year      = 2017
}

@inproceedings{he:ccs:2019,
  author    = {He, Jingxuan and Balunovi\'{c}, Mislav and Ambroladze, Nodar and Tsankov, Petar and Vechev, Martin},
  title     = {Learning to Fuzz from Symbolic Execution with Application to Smart Contracts},
  booktitle = ccs,
  pages     = {531--548},
  year      = 2019
}

@inproceedings{heo:icse:2017,
  author    = {Kihong Heo and Hakjoo Oh and Kwangkeun Yi},
  title     = {Machine-learning-guided Selectively Unsound Static Analysis},
  booktitle = icse,
  pages     = {519--529},
  year      = 2017
}

@inproceedings{hindle:icse:2012,
  author    = {Abram Hindle and Earl T. Barr and Zhendon Su and Mark Gabel and Premkumar Devanbu},
  title     = {On the naturalness of software},
  booktitle = icse,
  pages     = {837--847},
  year      = 2012
}

@inproceedings{hiser:oakland:2012,
  author    = {Jason Hiser and Anh Nguyen-Tuong and Michele Co and Matthew Hall and Jack W. Davidson},
  title     = {{ILR}: Where'd My Gadgets Go?},
  booktitle = oakland,
  pages     = {571--585},
  year      = 2012
}

@inproceedings{hoglund:blackhat:2003,
  author    = {Greg Hoglund},
  title     = {Runtime Decompilation},
  booktitle = blackhatusa,
  year      = 2003
}

@inproceedings{holler:usec:2012,
  author    = {Christian Holler and Kim Herzig and Andreas Zeller},
  title     = {Fuzzing with Code Fragments},
  booktitle = usenixsec,
  pages     = {445--458},
  year      = 2012
}

@inproceedings{hong:graphical:2004,
  author    = {Dawei Hong and Shushuang Man and Barbra Hawes and Manton M Matthews},
  title     = {A Graphical Password Scheme Strongly Resistant to Spyware},
  booktitle = {Proceedings of the International Conference on Security and Management},
  pages     = {94--100},
  year      = 2004
}

@inproceedings{huang:oakland:2022,
  author    = {Huang, Heqing and Guo, Yiyuan and Shi, Qingkai and Yao, Peisen and Wu, Rongxin and Zhang, Charles},
  title     = {Beacon: Directed Grey-Box Fuzzing with Provable Path Pruning},
  booktitle = oakland,
  pages     = {36--50},
  year      = 2022
}

@inproceedings{inglesant:chi:2010,
  author    = {Philip G Inglesant and M Angela Sasse},
  title     = {The True Cost of Unusable Password Policies: Password Use in the Wild},
  booktitle = chi,
  pages     = {383--392},
  year      = 2010
}

@inproceedings{iozzo:blackhat:2010,
  author    = {Vincenzo Iozzo},
  title     = {0-Knowledge Fuzzing},
  booktitle = blackhatusa,
  year      = 2010
}

@inproceedings{jana:oakland:2012,
  author    = {Jana, Suman and Shmatikov, Vitaly},
  title     = {Abusing File Processing in Malware Detectors for Fun and Profit},
  booktitle = oakland,
  pages     = {80--94},
  year      = 2012
}

@inproceedings{jang:ccs:2016,
  author    = {Yeongjin Jang and Sangho Lee and Taesoo Kim},
  title     = {Breaking Kernel Address Space Layout Randomization with {Intel} {TSX}},
  booktitle = ccs,
  pages     = {380--392},
  year      = 2016
}

@inproceedings{jayaraman:2009,
  author    = {Karthick Jayaraman and David Harvison and Vijay Ganesh and Adam Kiezun},
  title     = {{jFuzz}: A Concolic Whitebox Fuzzer for Java},
  booktitle = {Proceedings of the First NASA Forma Methods Symposium},
  pages     = {121--125},
  year      = 2009
}

@inproceedings{jeon:ccs:2017,
  author    = {Jeon, Yuseok and Biswas, Priyam and Carr, Scott and Lee, Byoungyoung and Payer, Mathias},
  title     = {{H}ex{T}ype: Efficient Detection of Type Confusion Errors for C++},
  booktitle = ccs,
  pages     = {2373--2387},
  year      = 2017
}

@inproceedings{jeong:oakland:2019,
  author    = {Dae R. Jeong and Kyungtae Kim and Basavesh Shivakumar and Byoungyoung Lee and Insik Shin},
  title     = {{Razzer}: Finding Kernel Race Bugs through Fuzzing},
  booktitle = oakland,
  pages     = {754--768},
  year      = 2019
}

@inproceedings{jha:icse:2010,
  author    = {Jha, Susmit and Gulwani, Sumit and Seshia, Sanjit A. and Tiwari, Ashish},
  title     = {Oracle-Guided Component-Based Program Synthesis},
  booktitle = icse,
  pages     = {215--224},
  year      = 2010
}

@inproceedings{jiang:ase:2018,
  author    = {Jiang, Bo and Liu, Ye and Chan, W. K.},
  title     = {{ContractFuzzer}: Fuzzing Smart Contracts for Vulnerability Detection},
  booktitle = ase,
  pages     = {259--269},
  year      = 2018
}

@inproceedings{johansson:icst:2014,
  author    = {Johansson, William and Svensson, Martin and Larson, Ulf E and Almgren, Magnus and Gulisano, Vincenzo},
  title     = {{T-Fuzz}: Model-based fuzzing for robustness testing of telecommunication protocols},
  booktitle = icst,
  pages     = {323--332},
  year      = 2014
}

@inproceedings{johnson:usec:2004,
  author    = {Rob Johnson and David Wagner},
  title     = {Finding User/Kernel Pointer Bugs with Type Inference},
  booktitle = usenixsec,
  pages     = {9--9},
  year      = 2004
}

@inproceedings{joshi:pldi:2009,
  author    = {Pallavi Joshi and Chang-Seo Park and Koushik Sen and Mayur Naik},
  title     = {A Randomized Dynamic Program Analysis Technique for Detecting Real Deadlocks},
  booktitle = pldi,
  pages     = {110--120},
  year      = 2009
}

@inproceedings{jung:bar:2019,
  author    = {Minkyu Jung and Soomin Kim and HyungSeok Han and Jaeseung Choi and Sang Kil Cha},
  title     = {{B2R2}: Building an Efficient Front-End for Binary Analysis},
  booktitle = {Proceedings of the NDSS Workshop on Binary Analysis Research},
  year      = 2019
}

@inproceedings{jung:ccs:2008,
  author    = {Jung, Jaeyeon and Sheth, Anmol and Greenstein, Ben and Wetherall, David and Maganis, Gabriel and Kohno, Tadayoshi},
  title     = {Privacy Oracle: A System for Finding Application Leaks with Black Box Differential Testing},
  booktitle = ccs,
  pages     = {279--288},
  year      = 2008
}

@inproceedings{kaksonen:2001,
  author    = {Kaksonen, Rauli and Laakso, Marko and Takanen, Ari},
  title     = {Software Security Assessment through Specification Mutations and Fault Injection},
  booktitle = {Proceedings of the IFIP TC 6/TC 11 International Conference on Communications and Multimedia Security},
  pages     = {173--183},
  year      = 2001
}

@inproceedings{kaksonen:cms:2001,
  author    = {Rauli Kaksonen and Marko Laakso and Ari Takanen},
  title     = {Software Security Assessment through Specification Mutations and Fault Injection},
  booktitle = {Proceedings of the Communications and Multimedia Security},
  pages     = {173--183},
  year      = 2001
}

@inproceedings{kalra:ndss:2018,
  author    = {Sukrit Kalra and Seep Goel and Mohan Dhawan and Subodh Sharma},
  title     = {Zeus: Analyzing Safety of Smart Contracts},
  booktitle = ndss,
  year      = 2018
}

@inproceedings{kanade:fse:2010,
  author    = {Kanade, Aditya and Alur, Rajeev and Rajamani, Sriram and Ramanlingam, Ganesan},
  title     = {Representation Dependence Testing Using Program Inversion},
  booktitle = fse,
  pages     = {277--286},
  year      = 2010
}

@inproceedings{kapravelos:usec:2014,
  author    = {Kapravelos, Alexandros and Grier, Chris and Chachra, Neha and Kruegel, Christopher and Vigna, Giovanni and Paxson, Vern},
  title     = {Hulk: Eliciting Malicious Behavior in Browser Extensions},
  booktitle = usenixsec,
  pages     = {641--654},
  year      = 2014
}

@inproceedings{kargen:fse:2015,
  author    = {Karg{\'e}n, Ulf and Shahmehri, Nahid},
  title     = {Turning Programs Against Each Other: High Coverage Fuzz-testing Using Binary-code Mutation and Dynamic Slicing},
  booktitle = fse,
  pages     = {782--792},
  year      = 2015
}

@inproceedings{kelley:oakland:2012,
  author    = {Patrick Gage Kelley and Saranga Komanduri and Michelle L Mazurek and Richard Shay and Timothy Vidas and Lujo Bauer and Nicolas Christin and Lorrie Faith Cranor and Julio Lopez},
  title     = {Guess Again (And Again and Again): Measuring Password Strength by Simulating Password-Cracking Algorithms},
  booktitle = oakland,
  pages     = {523--537},
  year      = 2012
}

@inproceedings{kemerlis:usec:2014,
  author    = {Vasileios P. Kemerlis and Michalis Polychronakis and Angelos D. Keromytis},
  title     = {{ret2dir}: Rethinking Kernel Isolation},
  booktitle = usenixsec,
  pages     = {957--972},
  year      = 2014
}

@inproceedings{kil:acsac:2006,
  author    = {Kil, Chongkyung and Jun, Jinsuk and Bookholt, Christopher and Xu, Jun and Ning, Peng},
  title     = {Address Space Layout Permutation ({ASLP}): Towards Fine-Grained Randomization of Commodity Software},
  booktitle = acsac,
  pages     = {339--348},
  year      = 2006
}

@inproceedings{kim:ase:2017,
  author    = {Soomin Kim and Markus Faerevaag and Minkyu Jung and Seungil Jung and DongYeop Oh and JongHyup Lee and Sang Kil Cha},
  title     = {Testing Intermediate Representations for Binary Analysis},
  booktitle = ase,
  pages     = {353--364},
  year      = 2017
}

@inproceedings{kim:atc:2017,
  author    = {Su Yong Kim and Sangho Lee and Insu Yun and Wen Xu and Byoungyoung Lee and Youngtae Yun and Taesoo Kim},
  title     = {{CAB}-{F}uzz: Practical Concolic Testing Techniques for {COTS} Operating Systems},
  booktitle = atc,
  pages     = {689--701},
  year      = 2017
}

@inproceedings{kim:ndss:2020,
  author    = {Kyungtae Kim and Dae R. Jeong and Chung Hwan Kim and Yeongjin Jang and Insik Shin and Byoungyoung Lee},
  title     = {{HFL}: Hybrid Fuzzing on the Linux Kernel},
  booktitle = ndss,
  year      = 2020
}

@inproceedings{kinder:cav:2008,
  author    = {Johannes Kinder and Helmut Veith},
  title     = {Jakstab: A Static Analysis Platform for Binaries},
  booktitle = cav,
  pages     = {423--427},
  year      = 2008
}

@inproceedings{kinder:vmcai:2009,
  author    = {Kinder, Johannes and Zuleger, Florian and Veith, Helmut},
  title     = {An abstract interpretation-based framework for control flow reconstruction from binaries},
  booktitle = vmcai,
  pages     = {214--228},
  year      = 2009
}

@inproceedings{klees:ccs:2018,
  author    = {Klees, George and Ruef, Andrew and Cooper, Benji and Wei, Shiyi and Hicks, Michael},
  title     = {Evaluating fuzz testing},
  booktitle = ccs,
  pages     = {2123--2138},
  year      = 2018
}

@inproceedings{klein:sosp:2009,
  author    = {Gerwin Klein and Kevin Elphinstone and Gernot Heiser and June Andronick and David Cock and Philip Derrin and Dhammika Elkaduwe and Kai Engelhardt and Rafal Kolanski and Michael Norrish and Thomas Sewell and Harvey Tuch and Simon Winwood},
  title     = {{seL4}: Formal Verification of an OS Kernel},
  booktitle = sosp,
  pages     = {207--220},
  year      = 2009
}

@inproceedings{kolbitsch:oakland:2010,
  author    = {Kolbitsch, Clemens and Holz, Thorsten and Kruegel, Christopher and Kirda, Engin},
  title     = {Inspector Gadget: Automated Extraction of Proprietary Gadgets from Malware Binaries},
  booktitle = oakland,
  pages     = {29--44},
  year      = 2010
}

@inproceedings{komanduri:chi:2011,
  author    = {Saranga Komanduri and Richard Shay and Patrick Gage Kelley and Michelle L Mazurek and Lujo Bauer and Nicolas Christin and Lorrie Faith Cranor and Serge Egelman},
  title     = {Of Passwords and People: Measuring the Effect of Password-Composition Policies},
  booktitle = chi,
  pages     = {2595--2604},
  year      = 2011
}

@inproceedings{komanduri:usec:2014,
  author    = {Saranga Komanduri and Richard Shay and Lorrie Faith Cranor and Cormac Herley and Stuart E Schechter},
  title     = {Telepathwords: Preventing Weak Passwords by Reading Users' Minds},
  booktitle = usenixsec,
  pages     = {591--606},
  year      = 2014
}

@inproceedings{koo:acsac:2021,
  author    = {Hyungjoon Koo and Soyeon Park and Taesoo Kim},
  title     = {A Look Back on a Function Identification Problem},
  booktitle = acsac,
  pages     = {158--168},
  year      = 2021
}

@inproceedings{koo:asiaccs:2016,
  author    = {Hyungjoon Koo and Michalis Polychronakis},
  title     = {Juggling the Gadgets: Binary-level Code Randomization using Instruction Displacement},
  booktitle = asiaccs,
  pages     = {23--34},
  year      = 2016
}

@inproceedings{koo:ccs:2018,
  author    = {Koo, Hyungjoon and Chen, Yaohui and Lu, Long and Kemerlis, Vasileios P and Polychronakis, Michalis},
  title     = {Compiler-assisted Code Randomization},
  booktitle = ccs,
  pages     = {461--477},
  year      = 2018
}

@inproceedings{koopman:srds:1997,
  author    = {Philip Koopman and John Sung and Christopher Dingman and Daniel Siewiorek and Ted Marz},
  title     = {Comparing Operating Systems Using Robustness Benchmarks},
  booktitle = {Proceedings of the Symposium on Reliable Distributed Systems},
  pages     = {72--79},
  year      = 1997
}

@inproceedings{kruegel:2004,
  author    = {Christopher Kruegel and William Robertson and Giovanni Vigna},
  title     = {Detecting Kernel-Level Rootkits Through Binary Analysis},
  booktitle = acsac,
  pages     = {91--100},
  year      = 2004
}

@inproceedings{krupp:usec:2018,
  author    = {Krupp, Johannes and Rossow, Christian},
  title     = {teEther: Gnawing at Ethereum to Automatically Exploit Smart Contracts},
  booktitle = usenixsec,
  pages     = {1317--1333},
  year      = 2018
}

@inproceedings{kurmus:ndss:2013,
  author    = {Anil Kurmus and Reinhard Tartler and Daniela Dorneanu and Bernhard Heinloth and Valentin Rothberg and Andreas Ruprecht and Wolfgang Schroder-Preikschat and Daniel Lohmann and Rudiger Kapitza},
  title     = {Attack Surface Metrics and Automated Compile-Time OS Kernel Tailoring},
  booktitle = ndss,
  year      = 2013
}

@inproceedings{kuznetsov:osdi:2014,
  author    = {Kuznetsov, Volodymyr and Szekeres, L\'{a}szl\'{o} and Payer, Mathias and Candea, George and Sekar, R. and Song, Dawn},
  title     = {Code-Pointer Integrity},
  booktitle = osdi,
  pages     = {147--163},
  year      = 2014
}

@inproceedings{kuznetsov:pldi:2012,
  author    = {Volodymyr Kuznetsov and Johannes Kinder and Stefan Bucur and George Candea},
  title     = {Efficient State Merging in Symbolic Execution},
  booktitle = pldi,
  pages     = {193--204},
  year      = 2012
}

@inproceedings{lahiri:cav:2012,
  author    = {Shuvendu K. Lahiri and Chris Hawblitzel and Ming Kawaguchi and Henrique Reb\^{e}lo},
  title     = {{SYMDIFF}: A Language-agnostic Semantic Diff Tool for Imperative Programs},
  booktitle = cav,
  pages     = {712--717},
  year      = 2012
}

@inproceedings{lai:icse:2010,
  author    = {Zhifeng Lai and S.C. Cheung and W.K. Chan},
  title     = {Detecting Atomic-Set Serializability Violations in Multithreaded Programs through Active Randomized Testing},
  booktitle = icse,
  pages     = {235--244},
  year      = 2010
}

@inproceedings{lattner:cgo:2004,
  author    = {Lattner, Chris and Adve, Vikram},
  title     = {{LLVM}: A Compilation Framework for Lifelong Program Analysis \& Transformation},
  booktitle = cgo,
  pages     = {75--86},
  year      = 2004
}

@inproceedings{laurenzano:pebil:2010,
  author    = {Laurenzano, Michael and Tikir, Mustafa M and Carrington, Laura and Snavely, Allan},
  title     = {{PEBIL}: Efficient Static Binary Instrumentation for Linux},
  booktitle = {Proceedings of the {IEEE} International Symposium on Performance Analysis of Systems \& Software},
  pages     = {175--183},
  year      = 2010
}

@inproceedings{le:icse:2013,
  author    = {Wei Le},
  title     = {Segmented Symbolic Analysis},
  booktitle = icse,
  pages     = {212--221},
  year      = 2013
}

@inproceedings{lee:icnp:2018,
  author    = {Chanhee Lee and Changhoon Yoon and Seungwon Shin and Sang Kil Cha},
  title     = {{INDAGO}: A New Framework For Detecting Malicious SDN Applications},
  booktitle = icnp,
  pages     = {220--230},
  year      = 2018
}

@inproceedings{lee:ndss:2011,
  author    = {JongHyup Lee and Thanassis Avgerinos and David Brumley},
  title     = {{TIE}: Principled Reverse Engineering of Types in Binary Programs},
  booktitle = ndss,
  pages     = {251--268},
  year      = 2011
}

@inproceedings{lee:ndss:2017,
  author    = {Lee, Seungsoo and Yoon, Changhoon and Lee, Chanhee and Shin, Seungwon and Yegneswaran, Vinod and Porras, Phillip},
  title     = {{DELTA}: A security assessment framework for software-defined networks},
  booktitle = ndss,
  year      = 2017
}

@inproceedings{lee:usec:2015,
  author    = {Lee, Byoungyoung and Song, Chengyu and Kim, Taesoo and Lee, Wenke},
  title     = {Type Casting Verification: Stopping an Emerging Attack Vector},
  booktitle = usenixsec,
  pages     = {81--96},
  year      = 2015
}

@inproceedings{lee:usec:2020,
  author    = {Suyoung Lee and HyungSeok Han and Sang Kil Cha and Sooel Son},
  title     = {{Montage}: A Neural Network Language Model-Guided JavaScript Fuzzer},
  booktitle = usenixsec,
  pages     = {2613--2630},
  year      = 2020
}

@inproceedings{lee:vmcai:2012,
  author    = {Lee, Woosuk and Lee, Wonchan and Yi, Kwangkeun},
  title     = {Sound Non-Statistical Clustering of Static Analysis Alarms},
  booktitle = vmcai,
  pages     = {299--314},
  year      = 2012
}

@inproceedings{lehman:alife:2008,
  author    = {Lehman, Joel and Stanley, Kenneth O},
  title     = {Exploiting Open-Endedness to Solve Problems through the Search for Novelty},
  booktitle = {Proceedings of the International Conference on Artificial Life},
  pages     = {329--336},
  year      = 2008
}

@inproceedings{lei:blackhat:2015,
  author    = {Long Lei},
  title     = {Optimized Fuzzing IOKIT in {iOS}},
  booktitle = blackhatusa,
  year      = 2015
}

@inproceedings{lemieux:ase:2018,
  author    = {Lemieux, Caroline and Sen, Koushik},
  title     = {{FairFuzz}: A Targeted Mutation Strategy for Increasing Greybox Fuzz Testing Coverage},
  booktitle = ase,
  pages     = {475--485},
  year      = 2018
}

@inproceedings{lemieux:issta:2018,
  author    = {Lemieux, Caroline and Padhye, Rohan and Sen, Koushik and Song, Dawn},
  title     = {{PerfFuzz}: Automatically Generating Pathological Inputs},
  booktitle = issta,
  pages     = {254--265},
  year      = 2018
}

@inproceedings{li:asid:2006,
  author    = {Li, Zhenmin and Tan, Lin and Wang, Xuanhui and Lu, Shan and Zhou, Yuanyuan and Zhai, Chengxiang},
  title     = {Have Things Changed Now?: An Empirical Study of Bug Characteristics in Modern Open Source Software},
  booktitle = {Proceedings of the Workshop on Architectural and System Support for Improving Software Dependability},
  pages     = {25--33},
  year      = 2006
}

@inproceedings{li:blackhat:2017,
  author    = {Henry Li and Jack Tang},
  title     = {Cross the Wall: Bypass All Modern Mitigations of {Microsoft} {Edge}},
  booktitle = blackhatasia,
  year      = 2017
}

@inproceedings{li:fse:2017,
  author    = {Li, Yuekang and Chen, Bihuan and Chandramohan, Mahinthan and Lin, Shang-Wei and Liu, Yang and Tiu, Alwen},
  title     = {Steelix: Program-state Based Binary Fuzzing},
  booktitle = fse,
  pages     = {627--637},
  year      = 2017
}

@inproceedings{li:fse:2019,
  author    = {Li, Yuekang and Xue, Yinxing and Chen, Hongxu and Wu, Xiuheng and Zhang, Cen and Xie, Xiaofei and Wang, Haijun and Liu, Yang},
  title     = {Cerebro: Context-Aware Adaptive Fuzzing for Effective Vulnerability Detection},
  booktitle = fse,
  pages     = {533--544},
  year      = 2019
}

@inproceedings{li:infocom:2016,
  author    = {Yue Li and Haining Wang and Kun Sun},
  title     = {A Study of Personal Information in Human-Chosen Passwords and Its Security Implications},
  booktitle = infocom,
  year      = 2016
}

@inproceedings{li:oopsla:2013,
  author    = {Li, You and Su, Zhendong and Wang, Linzhang and Li, Xuandong},
  title     = {Steering Symbolic Execution to Less Traveled Paths},
  booktitle = oopsla,
  pages     = {19--32},
  year      = 2013
}

@inproceedings{li:pacsec:2016,
  author    = {Moony Li},
  title     = {Fuzzing and Exploiting {OSX} Vulnerabilities for Fun and Profit},
  booktitle = {Proceedings of the PacSec},
  year      = 2016
}

@inproceedings{li:usec:2014,
  author    = {Zhigong Li and Weili Han and Wenyuan Xu},
  title     = {A Large-Scale Empirical Analysis of Chinese Web Passwords},
  booktitle = usenixsec,
  pages     = {559--574},
  year      = 2014
}

@inproceedings{lidbury:pldi:2015,
  author    = {Christopher Lidbury and Andrei Lascu and Nathan Chong and Alastair F. Donaldson},
  title     = {Many-Core Compiler Fuzzing},
  booktitle = pldi,
  pages     = {65--76},
  year      = 2015
}

@inproceedings{liew:fse:2019,
  author    = {Liew, Daniel and Cadar, Cristian and Donaldson, Alastair F and Stinnett, J Ryan},
  title     = {Just Fuzz It: Solving Floating-Point Constraints using Coverage-Guided Fuzzing},
  booktitle = fse,
  pages     = {521--532},
  year      = 2019
}

@inproceedings{lin:dsn:2008,
  author    = {Zhiqiang Lin and Xiangyu Zhang and Dongyan Xu},
  title     = {Convicting Exploitable Software Vulnerabilities: An Efficient Input Provenance Based Approach},
  booktitle = dsn,
  pages     = {247--256},
  year      = 2008
}

@inproceedings{lin:fse:2008,
  author    = {Zhiqiang Lin and Xiangyu Zhang},
  title     = {Deriving Input Syntactic Structure from Execution},
  booktitle = fse,
  pages     = {83--93},
  year      = 2008
}

@inproceedings{lin:ndss:2010,
  author    = {Lin, Zhiqiang and Zhang, Xiangyu and Xu, Dongyan},
  title     = {Automatic Reverse Engineering of Data Structures from Binary Execution},
  booktitle = ndss,
  year      = 2010
}

@inproceedings{linares-vasquez:fse:2017,
  author    = {Linares-V\'{a}squez, Mario and Bavota, Gabriele and Tufano, Michele and Moran, Kevin and Di Penta, Massimiliano and Vendome, Christopher and Bernal-C\'{a}rdenas, Carlos and Poshyvanyk, Denys},
  title     = {Enabling Mutation Testing for Android Apps},
  booktitle = fse,
  pages     = {233--244},
  year      = 2017
}

@inproceedings{lindig:aadebug:2005,
  author    = {Lindig, Christian},
  title     = {Random Testing of {C} Calling Conventions},
  booktitle = {Proceedings of the International Symposium on Automated Analysis-driven Debugging},
  pages     = {3--12},
  year      = 2005
}

@inproceedings{lindsay:blackhat:2007,
  author    = {Jonathan Lindsay},
  title     = {Attacking the Windows Kernel},
  booktitle = blackhatusa,
  year      = 2007
}

@inproceedings{liu:ase:2018,
  author    = {Liu, Han and Liu, Chao and Zhao, Wenqi and Jiang, Yu and Sun, Jiaguang},
  title     = {{S-Gram}: Towards Semantic-Aware Security Auditing for Ethereum Smart Contracts},
  booktitle = ase,
  pages     = {814--819},
  year      = 2018
}

@inproceedings{liu:icse:2017,
  author    = {Liu, Peng and Zhang, Xiangyu and Pistoia, Marco and Zheng, Yunhui and Marques, Manoel and Zeng, Lingfei},
  title     = {Automatic Text Input Generation for Mobile Testing},
  booktitle = icse,
  pages     = {643--653},
  year      = 2017
}

@inproceedings{long:fse:2015,
  author    = {Long, Fan and Rinard, Martin},
  title     = {Staged Program Repair with Condition Synthesis},
  booktitle = fse,
  pages     = {166--178},
  year      = 2015
}

@inproceedings{louedec:flairs:2015,
  author    = {Jonathan Louedec and Max Chevalier and Josiane Mothe and Aur{\'e}lien Garivier and S{\'e}bastien Gerchinovitz},
  title     = {A Multiple-Play Bandit Algorithm Applied to Recommender Systems},
  booktitle = {Proceedings of the 28th International Flairs Conference},
  pages     = {67--72},
  year      = 2015
}

@inproceedings{luk:pldi:2005,
  author    = {Chi-Keung Luk and Robert Cohn and Robert Muth and Harish Patil and Artur Klauser and Geoff Lowney and Steven Wallace and Vijay Janapa Reddi and Kim Hazelwood},
  title     = {Pin: Building Customized Program Analysis Tools with Dynamic Instrumentation},
  booktitle = pldi,
  pages     = {190--200},
  year      = 2005
}

@inproceedings{luo:fse:2014,
  author    = {Lannan Luo and Jiang Ming and Dinghao Wu and Peng Liu and Sencun Zhu},
  title     = {Semantics-based Obfuscation-resilient Binary Code Similarity Comparison with Applications to Software Plagiarism Detection},
  booktitle = fse,
  pages     = {389--400},
  year      = 2014
}

@inproceedings{luu:ccs:2016,
  author    = {Luu, Loi and Chu, Duc-Hiep and Olickel, Hrishi and Saxena, Prateek and Hobor, Aquinas},
  title     = {Making Smart Contracts Smarter},
  booktitle = ccs,
  pages     = {254--269},
  year      = 2016
}

@inproceedings{lyu:usec:2019,
  author    = {Lyu, Chenyang and Ji, Shouling and Zhang, Chao and Li, Yuwei and Lee, Wei-Han and Song, Yu and Beyah, Raheem},
  title     = {{MOpt}: Optimized Mutation Scheduling for Fuzzers},
  booktitle = usenixsec,
  pages     = {1949--1966},
  year      = 2019
}

@inproceedings{ma:ase:2015,
  author    = {Lei Ma and Cyrille Artho and Cheng Zhang and Hiroyuki Sato and Johannes Gmeiner and Rudolf Ramler},
  title     = {{GRT}: Program-Analysis-Guided Random Testing},
  booktitle = ase,
  pages     = {212--223},
  year      = 2015
}

@inproceedings{ma:oakland:2014,
  author    = {Jerry Ma and Weining Yang and Min Luo and Ninghui Li},
  title     = {A Study of Probabilistic Password Models},
  booktitle = oakland,
  pages     = {689--704},
  year      = 2014
}

@inproceedings{machiry:fse:2013,
  author    = {Aravind MacHiry and Rohan Tahiliani and Mayur Naik},
  title     = {Dynodroid: An Input Generation System for Android Apps},
  booktitle = fse,
  pages     = {224--234},
  year      = 2013
}

@inproceedings{machiry:usec:2017,
  author    = {Machiry, Aravind and Spensky, Chad and Corina, Jake and Stephens, Nick and Kruegel, Christopher and Vigna, Giovanni},
  title     = {{Dr. Chekcer}: A Soundy Analysis for Linux Kernel Drivers},
  booktitle = usenixsec,
  pages     = {1007--1024},
  year      = 2017
}

@inproceedings{maddison:icml:2014,
  author    = {Chris J. Maddison and Daniel Tarlow},
  title     = {Structured generative models of natural source code},
  booktitle = icml,
  pages     = {649--657},
  year      = 2016
}

@inproceedings{mahmood:ast:2012,
  author    = {Riyadh Mahmood and Naeem Esfahani and Thabet Kacem and Nariman Mirzaei and Sam Malek and Angelos Stavrou},
  title     = {A Whitebox Approach for Automated Security Testing of Android Applications on the Cloud},
  booktitle = {Proceedings of the International Workshop on Automation of Software Test},
  pages     = {22--28},
  year      = 2012
}

@inproceedings{majumdar:icse:2007,
  author    = {Rupak Majumdar and Koushik Sen},
  title     = {Hybrid Concolic Testing},
  booktitle = icse,
  pages     = {416--426},
  year      = 2007
}

@inproceedings{manes:icse:2020,
  author    = {Valentin J. M. Man{\`{e}}s and Soomin Kim and Sang Kil Cha},
  title     = {Ankou: Guiding Grey-box Fuzzing towards Combinatorial Difference},
  booktitle = icse,
  pages     = {1024--1036},
  year      = 2020
}

@inproceedings{martignoni:2009,
  author    = {Lorenzo Martignoni and Roberto Paleari and Giampaolo {Fresi Roglia} and Danilo Bruschi},
  title     = {Testing CPU Emulators},
  booktitle = issta,
  pages     = {261--272},
  year      = 2009
}

@inproceedings{martignoni:2010,
  author    = {Lorenzo Martignoni and Roberto Paleari and Giampaolo {Fresi Roglia} and Danilo Bruschi},
  title     = {Testing System Virtual Machines},
  booktitle = issta,
  pages     = {171--182},
  year      = 2010
}

@inproceedings{martignoni:asplos:2012,
  author    = {Lorenzo Martignoni and Stephen McCamant and Pongsin Poosankam and Dawn Song and Petros Maniatis},
  title     = {Path-Exploration Lifting: Hi-Fi Tests for Lo-Fi Emulators},
  booktitle = asplos,
  pages     = {337--348},
  year      = 2012
}

@inproceedings{mathis:ase:2017,
  author    = {Bj{\"o}rn Mathis and Vitalii Avdiienko and Ezekiel O Soremekun and Marcel B{\"o}hme and Andreas Zeller},
  title     = {Detecting Information Flow by Mutating Input Data},
  booktitle = ase,
  pages     = {263--273},
  year      = 2017
}

@inproceedings{mathis:pldi:2019,
  author    = {Mathis, Bj\"{o}rn and Gopinath, Rahul and Mera, Micha\"{e}l and Kampmann, Alexander and H\"{o}schele, Matthias and Zeller, Andreas},
  title     = {Parser-directed Fuzzing},
  booktitle = pldi,
  pages     = {548--560},
  year      = 2019
}

@inproceedings{mcminn:2011,
  author    = {McMinn, Phil},
  title     = {Search-Based Software Testing: Past, Present and Future},
  booktitle = icstw,
  pages     = {153--163},
  year      = 2011
}

@inproceedings{mechtaev:icse:2016,
  author    = {Mechtaev, Sergey and Yi, Jooyong and Roychoudhury, Abhik},
  title     = {Angelix: Scalable Multiline Program Patch Synthesis via Symbolic Analysis},
  booktitle = icse,
  pages     = {691--701},
  year      = 2016
}

@inproceedings{melicher:chi:2016,
  author    = {William Melicher and Darya Kurilova and Sean M Segreti and Pranshu Kalvani and Richard Shay and Blase Ur and Lujo Bauer and Nicolas Christin and Lorrie Faith Cranor and Michelle L Mazurek},
  title     = {Usability and Security of Text Passwords on Mobile Devices},
  booktitle = chi,
  pages     = {527--539},
  year      = 2016
}

@inproceedings{melicher:usec:2016,
  author    = {William Melicher and Blase Ur and Sean M Segreti and Saranga Komanduri and Lujo Bauer and Nicolas Christin and Lorrie Faith Cranor},
  title     = {Fast, Lean, and Accurate: Modeling Password Guessability Using Neural Networks},
  booktitle = usenixsec,
  pages     = {175--191},
  year      = 2016
}

@inproceedings{meng:issta:2016,
  author    = {Xiaozhu Meng and Barton P. Miller},
  title     = {Binary Code is Not Easy},
  booktitle = issta,
  pages     = {24--35},
  year      = 2016
}

@inproceedings{metzman:fse:2021,
  author    = {Metzman, Jonathan and Szekeres, L\'{a}szl\'{o} and Simon, Laurent and Sprabery, Read and Arya, Abhishek},
  title     = {{FuzzBench}: An Open Fuzzer Benchmarking Platform and Service},
  booktitle = fse,
  pages     = {1393--1403},
  year      = 2021
}

@inproceedings{miller:cansecwest:2008,
  author    = {Charlie Miller},
  title     = {Fuzz by Number: More Data about Fuzzing than You Ever Wanted to Know},
  booktitle = cansecwest,
  year      = 2008
}

@inproceedings{miller:cansecwest:2010,
  author    = {Charlie Miller},
  title     = {Babysitting an Army of Monkeys},
  booktitle = cansecwest,
  year      = 2010
}

@inproceedings{miller:defcon:2007,
  author    = {Charlie Miller and Zachary NJ Peterson},
  title     = {Analysis of Mutation and Generation-Based Fuzzing},
  booktitle = defcon,
  year      = 2007
}

@inproceedings{miller:icse:2019,
  author    = {Miller, Kenneth and Kwon, Yonghwi and Sun, Yi and Zhang, Zhuo and Zhang, Xiangyu and Lin, Zhiqiang},
  title     = {Probabilistic Disassembly},
  booktitle = icse,
  pages     = {1187--1198},
  year      = 2019
}

@inproceedings{molinyawe:blackhat:2016,
  author    = {Matt Molinyawe and Abdul-Aziz Hariri and Jasiel Spelman},
  title     = {{\$hell on Earth}: From Browser to System Compromise},
  booktitle = blackhatusa,
  year      = 2016
}

@inproceedings{molnar:2009,
  author    = {Molnar, David and Li, Xue Cong and Wagner, David A.},
  title     = {Dynamic Test Generation to Find Integer Bugs in x86 Binary Linux Programs},
  booktitle = usenixsec,
  pages     = {67--82},
  year      = 2009
}

@inproceedings{moura:tacas:2008,
  author    = {Leonardo De Moura and Nikolaj Bj{\o}rner},
  title     = {{Z3}: An Efficient {SMT} Solver},
  booktitle = tacas,
  pages     = {337--340},
  year      = 2008
}

@inproceedings{muench:ndss:2018,
  author    = {Muench, Marius and Stijohann, Jan and Kargl, Frank and Francillon, Aur{\'e}lien and Balzarotti, Davide},
  title     = {What You Corrupt is Not What You Crash: Challenges in Fuzzing Embedded Devices},
  booktitle = ndss,
  year      = 2018
}

@inproceedings{mulliner:blackhat:2009,
  author    = {Collin Mulliner and Charlie Miller},
  title     = {Fuzzing the Phone in your Phone},
  booktitle = blackhatusa,
  year      = 2009
}

@inproceedings{mulliner:usec:2011,
  author    = {Collin Mulliner and Nico Golde and Jean-Pierre Seifert},
  title     = {{SMS} of Death: from Analyzing to Attacking Mobile Phones on a Large Scale},
  booktitle = usenixsec,
  pages     = {24--24},
  year      = 2011
}

@inproceedings{mycroft:esop:1999,
  author    = {Mycroft, Alan},
  title     = {Type-Based Decompilation},
  booktitle = esop,
  pages     = {208--223},
  year      = 1999
}

@inproceedings{nagarakatte:ismm:2010,
  author    = {Santosh Nagarakatte and Jianzhou Zhao and Milo M. K. Martin and Steve Zdancewic},
  title     = {{CETS}: Compiler Enforced Temporal Safety for {C}},
  booktitle = {Proceedings of the International Symposium on Memory Management},
  pages     = {31--40},
  year      = 2010
}

@inproceedings{nagarakatte:pldi:2009,
  author    = {Santosh Nagarakatte and Jianzhou Zhao and Milo M. K. Martin and Steve Zdancewic},
  title     = {{SoftBound}: Highly Compatible and Complete Spatial Memory Safety for {C}},
  booktitle = pldi,
  pages     = {245--258},
  year      = 2009
}

@inproceedings{nagy:oakland:2019,
  author    = {Nagy, Stefan and Hicks, Matthew},
  title     = {Full-Speed Fuzzing: Reducing Fuzzing Overhead Through Coverage-Guided Tracing},
  booktitle = oakland,
  pages     = {787--802},
  year      = 2019
}

@inproceedings{nanda:cgo:2006,
  author    = {Nanda, Susanta and Li, Wei and Lam, Lap-Chung and Chiueh, Tzi-cker},
  title     = {{BIRD}: Binary Interpretation using Runtime Disassembly},
  booktitle = cgo,
  pages     = {358--370},
  year      = 2006
}

@inproceedings{necula:popl:2002,
  author    = {Necula, George C. and McPeak, Scott and Weimer, Westley},
  title     = {{CCured}: Type-Safe Retrofitting of Legacy Code},
  booktitle = popl,
  pages     = {128--139},
  year      = 2002
}

@inproceedings{nethercote:pldi:2007,
  author    = {Nicholas Nethercote and Julian Seward},
  title     = {Valgrind: a framework for heavyweight dynamic binary instrumentation},
  booktitle = pldi,
  pages     = {89--100},
  year      = 2007
}

@inproceedings{nethercote:valgrind:2003,
  author    = {Nicholas Nethercote and Julian Seward},
  title     = {Valgrind: A program supervision framework},
  booktitle = {Proceedings of the Workshop on Runtime Verification},
  pages     = {1--23},
  year      = 2003
}

@inproceedings{newsome:ndss:2005,
  author    = {Newsome, James and Song, Dawn},
  title     = {Dynamic Taint Analysis for Automatic Detection, Analysis, and Signature Generation of Exploits on Commodity Software},
  booktitle = ndss,
  year      = 2005
}

@inproceedings{nguyen:fse:2013,
  author    = {Tung Thanh Nguyen and Anh Tuan Nguyen and Hoan Anh Nguyen and Tien N. Nguyen},
  title     = {A statistical semantic language model for source code},
  booktitle = fse,
  pages     = {532--542},
  year      = 2013
}

@inproceedings{nguyen:icse:2013,
  author    = {Nguyen, Hoang Duong Thien and Qi, Dawei and Roychoudhury, Abhik and Chandra, Satish},
  title     = {{SemFix}: Program Repair via Semantic Analysis},
  booktitle = icse,
  pages     = {772--781},
  year      = 2013
}

@inproceedings{nguyen:icse:2015,
  author    = {Anh Tuan Nguyen and Tien N. Nguyen},
  title     = {Graph-based statistical language model for code},
  booktitle = icse,
  pages     = {858--868},
  year      = 2015
}

@inproceedings{nguyen:icse:2020,
  author    = {Tai Duy Nguyen and Long Hong Pham and Jun Sun and Yun Lin and Quang Tran Minh},
  title     = {{sFuzz}: An Efficient Adaptive Fuzzer for Solidity Smart Contracts},
  booktitle = icse,
  pages     = {778--788},
  year      = 2020
}

@inproceedings{nikoliundefined:acsac:2018,
  author    = {Nikoliundefined, Ivica and Kolluri, Aashish and Sergey, Ilya and Saxena, Prateek and Hobor, Aquinas},
  title     = {Finding The Greedy, Prodigal, and Suicidal Contracts at Scale},
  booktitle = acsac,
  pages     = {653--663},
  year      = 2018
}

@inproceedings{oh:aplas:2009,
  author    = {Oh, Hakjoo},
  title     = {Large Spurious Cycle in Global Static Analyses and Its Algorithmic Mitigation},
  booktitle = aplas,
  pages     = {14--29},
  year      = 2009
}

@inproceedings{oh:pldi:2012,
  author    = {Oh, Hakjoo and Heo, Kihong and Lee, Wonchan and Lee, Woosuk and Yi, Kwangkeun},
  title     = {Design and Implementation of Sparse Global Analyses for {C}-like Languages},
  booktitle = pldi,
  pages     = {229--238},
  year      = 2012
}

@inproceedings{oh:pldi:2014,
  author    = {Oh, Hakjoo and Lee, Wonchan and Heo, Kihong and Yang, Hongseok and Yi, Kwangkeun},
  title     = {Selective Context-Sensitivity Guided by Impact Pre-Analysis},
  booktitle = pldi,
  pages     = {475--484},
  year      = 2014
}

@inproceedings{onarlioglu:acsac:2010,
  author    = {Onarlioglu, Kaan and Bilge, Leyla and Lanzi, Andrea and Balzarotti, Davide and Kirda, Engin},
  title     = {{G-Free}: Defeating Return-oriented Programming Through Gadget-less Binaries},
  booktitle = acsac,
  pages     = {49--58},
  year      = 2010
}

@inproceedings{osterlund:sec:2020,
  author    = {\"{O}sterlund, Sebastian and Razavi, Kaveh and Bos, Herbert and Giuffrida, Cristiano},
  title     = {{ParmeSan}: Sanitizer-Guided Greybox Fuzzing},
  booktitle = usenixsec,
  pages     = {2289--2306},
  year      = 2020
}

@inproceedings{pacheco:icse:2007,
  author    = {Pacheco, Carlos and Lahiri, Shuvendu K. and Ernst, Michael D. and Ball, Thomas},
  title     = {Feedback-Directed Random Test Generation},
  booktitle = icse,
  pages     = {75--84},
  year      = 2007
}

@inproceedings{pailoor:usec:2018,
  author    = {Shankara Pailoor and Andrew Aday and Suman Jana},
  title     = {{MoonShine}: Optimizing {OS} Fuzzer Seed Selection with Trace Distillation},
  booktitle = usenixsec,
  pages     = {729--743},
  year      = 2018
}

@inproceedings{paleari:2010,
  author    = {Roberto Paleari and Lorenzo Martignoni and Giampaolo {Fresi Roglia} and Danilo Bruschi},
  title     = {{N}-version Disassembly: Differential Testing of x86 Disassemblers},
  booktitle = issta,
  pages     = {265--274},
  year      = 2010
}

@inproceedings{pan:usenixsec:2017,
  author    = {Pan, Jianfeng and Yan, Guanglu and Fan, Xiaocao},
  title     = {Digtool: A Virtualization-Based Framework for Detecting Kernel Vulnerabilities},
  booktitle = usenixsec,
  pages     = {149--165},
  year      = 2017
}

@inproceedings{panchenko:cgo:2019,
  author    = {Panchenko, Maksim and Auler, Rafael and Nell, Bill and Ottoni, Guilherme},
  title     = {Bolt: A Practical Binary Optimizer for Data Centers and Beyond},
  booktitle = cgo,
  pages     = {2--14},
  year      = 2019
}

@inproceedings{pang:dsn:2021,
  author    = {Chengbin Pang and Ruotong Yu and Dongpeng Xu and Eric Koskinen and Georgios Portokalidis and Jun Xu},
  title     = {Towards Optimal Use of Exception Handling Information for Function Detection},
  booktitle = dsn,
  pages     = {338--349},
  year      = 2021
}

@inproceedings{pang:oakland:2021,
  author    = {Pang, Chengbin and Yu, Ruotong and Chen, Yaohui and Koskinen, Eric and Portokalidis, Georgios and Mao, Bing and Xu, Jun},
  title     = {{SoK}: All You Ever Wanted to Know About x86/x64 Binary Disassembly but Were Afraid to Ask},
  booktitle = oakland,
  pages     = {833--851},
  year      = 2021
}

@inproceedings{pappas:oakland:2012,
  author    = {Pappas, Vasilis and Polychronakis, Michalis and Keromytis, Angelos D.},
  title     = {Smashing the Gadgets: Hindering Return-Oriented Programming Using In-place Code Randomization},
  booktitle = oakland,
  pages     = {601--615},
  year      = 2012
}

@inproceedings{park:fse:2008,
  author    = {Chang-Seo Park and Koushik Sen},
  title     = {Randomized Active Atomicity Violation Detection in Concurrent Programs},
  booktitle = fse,
  pages     = {135--145},
  year      = 2008
}

@inproceedings{pasareanu:ase:2010,
  author    = {P\u{a}s\u{a}reanu, Corina S. and Rungta, Neha},
  title     = {Symbolic PathFinder: Symbolic Execution of Java Bytecode},
  booktitle = ase,
  pages     = {179--180},
  year      = 2010
}

@inproceedings{patra:fse:2021,
  author    = {Jibesh Patra and Michael Pradel},
  title     = {Semantic Bug Seeding: A Learning-Based Approach for Creating Realistic Bugs},
  booktitle = fse,
  pages     = {906--918},
  year      = 2021
}

@inproceedings{pei:ndss:2021,
  author    = {Kexin Pei and Jonas Guan and David Williams King and Junfeng Yang and Suman Jana},
  title     = {{XDA}: Accurate, Robust Disassembly with Transfer Learning},
  booktitle = ndss,
  year      = 2021
}

@inproceedings{pei:sosp:2017,
  author    = {Pei, Kexin and Cao, Yinzhi and Yang, Junfeng and Jana, Suman},
  title     = {{DeepXplore}: Automated Whitebox Testing of Deep Learning Systems},
  booktitle = {Proceedings of the 26th Symposium on Operating Systems Principles},
  pages     = {1--18},
  year      = 2017
}

@inproceedings{peng:oakland:2018,
  author    = {Hui Peng and Yan Shoshitaishvili and Mathias Payer},
  title     = {{T-Fuzz}: Fuzzing by Program Transformation},
  booktitle = oakland,
  pages     = {917--930},
  year      = 2018
}

@inproceedings{peng:usenixsec:2014,
  author    = {Fei Peng and Zhui Deng and Xiangyu Zhang and Dongyan Xu and Zhiqiang Lin and Zhendong Su},
  title     = {{X-Force}: Force-Executing Binary Programs for Security Applications},
  booktitle = usenixsec,
  pages     = {829--844},
  year      = 2014
}

@inproceedings{person:fse:2008,
  author    = {Suzette Person and Matthew B. Dwyer and Sebastian Elbaum and Corina S. P\v{a}s\v{a}reanu},
  title     = {Differential Symbolic Execution},
  booktitle = fse,
  pages     = {226--237},
  year      = 2008
}

@inproceedings{petricek:2014,
  author    = {Petricek, Tomas and Syme, Don},
  title     = {The {F}\# Computation Expression Zoo},
  booktitle = {Proceedings of Practical Aspects of Declarative Languages},
  pages     = {33--48},
  year      = 2014
}

@inproceedings{petsios:oakland:2017,
  author    = {Theofilos Petsios and Adrian Tang and Salvatore J. Stolfo and Angelos D. Keromytis and Suman Jana},
  title     = {{NEZHA}: Efficient Domain-Independent Differential Testing},
  booktitle = oakland,
  pages     = {615--632},
  year      = 2017
}

@inproceedings{pewny:acsac:2016,
  author    = {Jannik Pewny and Thorsten Holz},
  title     = {{EvilCoder}: Automated Bug Insertion},
  booktitle = acsac,
  pages     = {214--225},
  year      = 2016
}

@inproceedings{pham:ase:2016,
  author    = {Pham, Van-Thuan and B{\"o}hme, Marcel and Roychoudhury, Abhik},
  title     = {Model-Based Whitebox Fuzzing for Program Binaries},
  booktitle = ase,
  pages     = {543--553},
  year      = 2016
}

@inproceedings{pradel:icse:2015,
  author    = {Pradel, Michael and Schuh, Parker and Sen, Koushik},
  title     = {{TypeDevil}: Dynamic Type Inconsistency Analysis for {JavaScript}},
  booktitle = icse,
  pages     = {314--324},
  year      = 2015
}

@inproceedings{prasad:atc:2003,
  author    = {Prasad, Manish and Chiueh, Tzi-cker},
  title     = {A Binary Rewriting Defense Against Stack based Buffer Overflow Attacks},
  booktitle = atc,
  pages     = {211--224},
  year      = 2005
}

@inproceedings{priyadarshan:acsac:2020,
  author    = {Priyadarshan, Soumyakant and Nguyen, Huan and Sekar, R.},
  title     = {Practical Fine-Grained Binary Code Randomization},
  booktitle = acsac,
  pages     = {401--414},
  year      = 2020
}

@inproceedings{qian:usec:2019,
  author    = {Qian, Chenxiong and Hu, Hong and Alharthi, Mansour and Chung, Pak Ho and Kim, Taesoo and Lee, Wenke},
  title     = {{RAZOR}: A Framework for Post-deployment Software Debloating},
  booktitle = usenixsec,
  pages     = {1733--1750},
  year      = 2019
}

@inproceedings{qiao:dsn:2017,
  author    = {Rui Qiao and R. Sekar},
  title     = {Function interface analysis: A principled approach for function recognition in COTS binaries},
  booktitle = dsn,
  pages     = {201--212},
  year      = 2017
}

@inproceedings{raffelt:fmics:2005,
  author    = {Raffelt, Harald and Steffen, Bernhard and Berg, Therese},
  title     = {{LearnLib}: A Library for Automata Learning and Experimentation},
  booktitle = {Proceedings of the International Workshop on Formal Methods for Industrial Critical Systems},
  pages     = {62--71},
  year      = 2005
}

@inproceedings{rasthofer:icse:2017,
  author    = {Siegfried Rasthofer and Steven Arzt and Stefan Triller and Michael Pradel},
  title     = {Making Malory Behave Maliciously: Targeted Fuzzing of Android Execution Environments},
  booktitle = icse,
  pages     = {300--311},
  year      = 2017
}

@inproceedings{rawat:icstw:2011,
  author    = {Rawat, S. and Mounier, L.},
  title     = {Offset-Aware Mutation Based Fuzzing for Buffer Overflow Vulnerabilities: Few Preliminary Results},
  booktitle = icstw,
  pages     = {531--533},
  year      = 2011
}

@inproceedings{rawat:ndss:2017,
  author    = {Rawat, Sanjay and Jain, Vivek and Kumar, Ashish and Cojocar, Lucian and Giuffrida, Cristiano and Bos, Herbert},
  title     = {{VUzzer}: Application-aware Evolutionary Fuzzing},
  booktitle = ndss,
  year      = 2017
}

@inproceedings{raychev:pldi:2014,
  author    = {Veselin Raychev and Martin Vechev and Eran Yahav},
  title     = {Code Completion with Statistical Language Models},
  booktitle = pldi,
  pages     = {419--428},
  year      = 2014
}

@inproceedings{rebert:usec:2014,
  author    = {Alexandre Rebert and Sang Kil Cha and Thanassis Avgerinos and Jonathan Foote and David Warren and Gustavo Grieco and David Brumley},
  title     = {Optimizing Seed Selection for Fuzzing},
  booktitle = usenixsec,
  pages     = {861--875},
  year      = 2014
}

@inproceedings{regehr:pldi:2012,
  author    = {John Regehr and Yang Chen and Pascal Cuoq and Eric Eide and Chucky Ellison and and Xuejun Yang},
  title     = {Test-Case Reduction for {C} Compiler Bugs},
  booktitle = pldi,
  pages     = {335--346},
  year      = 2012
}

@inproceedings{renzelmann:osdi:2012,
  author    = {Renzelmann, Matthew J and Kadav, Asim and Swift, Michael M},
  title     = {{SymDrive}: Testing Drivers Without Devices},
  booktitle = osdi,
  pages     = {279--292},
  year      = 2012
}

@inproceedings{reps:cc:2008,
  author    = {Reps, Thomas and Balakrishnan, Gogul},
  title     = {Improved memory-access analysis for x86 executables},
  booktitle = cc,
  pages     = {16--35},
  year      = 2008
}

@inproceedings{richards:pldi:2010,
  author    = {Richards, Gregor and Lebresne, Sylvain and Burg, Brian and Vitek, Jan},
  title     = {An Analysis of the Dynamic Behavior of {JavaScript} Programs},
  booktitle = pldi,
  pages     = {1--12},
  year      = 2010
}

@inproceedings{romano:ase:2014,
  author    = {Anthony Romano and Dawson R. Engler},
  title     = {{symMMU}: Symbolically Executed Runtime Libraries for Symbolic Memory Access},
  booktitle = ase,
  pages     = {247--258},
  year      = 2014
}

@inproceedings{roy:fse:2018,
  author    = {Roy, Subhajit and Pandey, Awanish and Dolan-Gavitt, Brendan and Hu, Yu},
  title     = {Bug Synthesis: Challenging Bug-Finding Tools with Deep Faults},
  booktitle = fse,
  pages     = {224--234},
  year      = 2018
}

@inproceedings{ruef:ccs:2016,
  author    = {Ruef, Andrew and Hicks, Michael and Parker, James and Levin, Dave and Mazurek, Michelle L and Mardziel, Piotr},
  title     = {Build It, Break It, Fix It: Contesting Secure Development},
  booktitle = ccs,
  pages     = {690--703},
  year      = 2016
}

@inproceedings{ruiter:usec:2015,
  author    = {Joeri De Ruiter and Erik Poll},
  title     = {Protocol State Fuzzing of TLS Implementations},
  booktitle = usenixsec,
  pages     = {193--206},
  year      = 2015
}

@inproceedings{rummer:smtfpa:2010,
  author    = {Philipp R{\"u}mmer and Thomas Wahl},
  title     = {An {SMT-LIB} Theory of Binary Floating-Point Arithmetic},
  booktitle = {Proceedings of International Workshop on Satisfiability Modulo Theories},
  year      = 2010
}

@inproceedings{salehi:raid:2020,
  author    = {Majid Salehi and Danny Hughes and Bruno Crispo},
  title     = {$\mu${SBS}: Static Binary Sanitization of Bare-metal Embedded Devices for Fault Observability},
  booktitle = raid,
  pages     = {381--395},
  year      = 2020
}

@inproceedings{samak:pldi:2015,
  author    = {Malavika Samak and Murali Krishna Ramanathan and Suresh Jagannathan},
  title     = {Synthesizing Racy Tests},
  booktitle = pldi,
  pages     = {175--185},
  year      = 2015
}

@inproceedings{saxena:ndss:2010,
  author    = {Prateek Saxena and Steve Hanna and Pongsin Poosankam and Dawn Song},
  title     = {{FLAX}: Systematic Discovery of Client-side Validation Vulnerabilities in Rich Web Applications},
  booktitle = ndss,
  year      = 2010
}

@inproceedings{saxena:oakland:2010,
  author    = {Saxena, Prateek and Akhawe, Devdatta and Hanna, Steve and Mao, Feng and McCamant, Stephen and Song, Dawn},
  title     = {A Symbolic Execution Framework for {JavaScript}},
  booktitle = oakland,
  pages     = {513--528},
  year      = 2010
}

@inproceedings{schneider:2013,
  author    = {Schneider, Martin and Gro{\ss}mann, J{\"u}rgen and Tcholtchev, Nikolay and Schieferdecker, Ina and Pietschker, Andrej},
  title     = {Behavioral Fuzzing Operators for UML Sequence Diagrams},
  booktitle = {Proceedings of the International Workshop on System Analysis and Modeling},
  pages     = {88--104},
  year      = 2013
}

@inproceedings{schulte:asplos:2013,
  author    = {Schulte, Eric and DiLorenzo, Jonathan and Weimer, Westley and Forrest, Stephanie},
  title     = {Automated Repair of Binary and Assembly Programs for Cooperating Embedded Devices},
  booktitle = asplos,
  pages     = {317--328},
  year      = 2013
}

@inproceedings{schumilo:usenixsec:2017,
  author    = {Schumilo, Sergej and Aschermann, Cornelius and Gawlik, Robert and Schinzel, Sebastian and Holz, Thorsten},
  title     = {k{AFL}: Hardware-Assisted Feedback Fuzzing for OS Kernels},
  booktitle = usenixsec,
  pages     = {167--182},
  year      = 2017
}

@inproceedings{schwartz:ccs:2018,
  author    = {Schwartz, Edward J. and Cohen, Cory F. and Duggan, Michael and Gennari, Jeffrey and Havrilla, Jeffrey S. and Hines, Charles},
  title     = {Using Logic Programming to Recover {C}++ Classes and Methods from Compiled Executables},
  booktitle = ccs,
  pages     = {426--441},
  year      = 2018
}

@inproceedings{schwartz:oakland:2010,
  author    = {Schwartz, Edward J. and Avgerinos, Thanassis and Brumley, David},
  title     = {All You Ever Wanted to Know About Dynamic Taint Analysis and Forward Symbolic Execution (but Might Have Been Afraid to Ask)},
  booktitle = oakland,
  pages     = {317--331},
  year      = 2010
}

@inproceedings{schwartz:usec:2011,
  author    = {Schwartz, Edward J. and Avgerinos, Thanassis and Brumley, David},
  title     = {{Q}: Exploit Hardening Made Easy},
  booktitle = usenixsec,
  pages     = {25--41},
  year      = 2011
}

@inproceedings{schwartz:usec:2013,
  author    = {Edward J. Schwartz and JongHyup Lee and Maverick Woo and David Brumley},
  title     = {Native x86 Decompilation Using Semantics-preserving Structural Analysis and Iterative Control-flow Structuring},
  booktitle = usenixsec,
  pages     = {353--368},
  year      = 2013
}

@inproceedings{schwarz:asiaccs:2018,
  author    = {Schwarz, Michael and Gruss, Daniel and Lipp, Moritz and Maurice, Cl{\'e}mentine and Schuster, Thomas and Fogh, Anders and Mangard, Stefan},
  title     = {Automated Detection, Exploitation, and Elimination of Double-Fetch Bugs using Modern {CPU} Features},
  booktitle = asiaccs,
  pages     = {587--600},
  year      = 2018
}

@inproceedings{scott:cgo:2003,
  author    = {Scott, Kevin and Kumar, Naveen and Velusamy, Sivakumar and Childers, Bruce and Davidson, Jack W. and Soffa, Mary Lou},
  title     = {Retargetable and Reconfigurable Software Dynamic Translation},
  booktitle = cgo,
  pages     = {36--47},
  year      = 2003
}

@inproceedings{sen:ase:2007,
  author    = {Koushik Sen},
  title     = {Effective Random Testing of Concurrent Programs},
  booktitle = ase,
  pages     = {323--332},
  year      = 2007
}

@inproceedings{sen:fse:2005,
  author    = {Koushik Sen and Darko Marinov and Gul Agha},
  title     = {{CUTE}: A Concolic Unit Testing Engine for {C}},
  booktitle = fse,
  pages     = {263--272},
  year      = 2005
}

@inproceedings{sen:fse:2013,
  author    = {Koushik Sen and Swaroop Kalasapur and Tasneem Brutch and Simon Gibbs},
  title     = {Jalangi: A Selective Record-Replay and Dynamic Analysis Framework for {JavaScript}},
  booktitle = fse,
  pages     = {488--498},
  year      = 2013
}

@inproceedings{sen:fse:2015,
  author    = {Koushik Sen and George Necula and Liang Gong and Wontae Choi},
  title     = {{MultiSE}: Multi-Path Symbolic Execution Using Value Summaries},
  booktitle = fse,
  pages     = {842--853},
  year      = 2015
}

@inproceedings{sen:pldi:2008,
  author    = {Koushik Sen},
  title     = {Race Directed Random Testing of Concurrent Programs},
  booktitle = pldi,
  pages     = {11--21},
  year      = 2008
}

@inproceedings{seo:fse:2014,
  author    = {Hyunmin Seo and Sunghun Kim},
  title     = {How We Get There: A Context-Guided Search Strategy in Concolic Testing},
  booktitle = fse,
  pages     = {413--424},
  year      = 2014
}

@inproceedings{serebryany:atc:2012,
  author    = {Serebryany, Konstantin and Bruening, Derek and Potapenko, Alexander and Vyukov, Dmitriy},
  title     = {{AddressSanitizer}: A Fast Address Sanity Checker},
  booktitle = atc,
  pages     = {309--318},
  year      = 2012
}

@inproceedings{serebryany:wbia:2009,
  author    = {Serebryany, Konstantin and Iskhodzhanov, Timur},
  title     = {{ThreadSanitizer}: data race detection in practice},
  booktitle = {Proceedings of the Workshop on Binary Instrumentation and Applications},
  pages     = {62--71},
  year      = 2009
}

@inproceedings{shacham:ccs:2007,
  author    = {Shacham, Hovav},
  title     = {The Geometry of Innocent Flesh on the Bone: Return-into-Libc without Function Calls (on the x86)},
  booktitle = ccs,
  pages     = {552--561},
  year      = 2007
}

@inproceedings{shay:chi:2014,
  author    = {Richard Shay and Saranga Komanduri and Adam L Durity and Phillip Seyoung Huh and Michelle L Mazurek and Sean M Segreti and Blase Ur and Lujo Bauer and Nicolas Christin and Lorrie Faith Cranor},
  title     = {Can Long Passwords Be Secure and Usable?},
  booktitle = chi,
  pages     = {2927--2936},
  year      = 2014
}

@inproceedings{shay:chi:2015,
  author    = {Richard Shay and Lujo Bauer and Nicolas Christin and Lorrie Faith Cranor and Alain Forget and Saranga Komanduri and Michelle L Mazurek and William Melicher and Sean M Segreti and Blase Ur},
  title     = {A Spoonful of Sugar?: the Impact of Guidance and Feedback on Password-Creation Behavior},
  booktitle = chi,
  pages     = {2903--2912},
  year      = 2015
}

@inproceedings{shi:fse:2019,
  author    = {Heyuan Shi and Runzhe Wang and Ying Fu and Mingzhe Wang and Xiaohai Shi and Xun Jiao and Houbing Song and Yu Jiang and Jiaguang Sun},
  title     = {Industry Practice of Coverage-Guided Enterprise Linux Kernel Fuzzing},
  booktitle = fse,
  pages     = {986--995},
  year      = 2019
}

@inproceedings{shin:usec:2015,
  author    = {Eui Chul Richard Shin and Dawn Song and Reza Moazzezi},
  title     = {Recognizing Functions in Binaries with Neural Networks},
  booktitle = usenixsec,
  pages     = {611--624},
  year      = 2015
}

@inproceedings{shoshitaishvili:oakland:2016,
  author    = {Yan Shoshitaishvili and Ruoyu Wang and Christopher Salls and Nick Stephens and Mario Polino and Andrew Dutcher and John Grosen and Siji Feng and Christophe Hauser and Christopher Kruegel and Giovanni Vigna},
  title     = {(State of) The Art of War: Offensive Techniques in Binary Analysis},
  booktitle = oakland,
  pages     = {138--157},
  year      = 2016
}

@inproceedings{shu:forte:2008,
  author    = {Guoqiang Shu and Yating Hsu and David Lee},
  title     = {Detecting Communication Protocol Security Flaws by Formal Fuzz Testing and Machine Learning},
  booktitle = {Proceedings of the International Conference on Formal Techniques for Networked and Distributed Systems},
  pages     = {299--304},
  year      = 2008
}

@inproceedings{sialveras:zeronights:2015,
  author    = {Zisis Sialveras and Nikolaos Naziridis},
  title     = {Introducing {Choronzon}: An approach at knowledge-based evolutionary fuzzing},
  booktitle = {Proceedings of the ZeroNights},
  year      = 2015
}

@inproceedings{siegel:issta:2006,
  author    = {Stephen F. Siegel and Anastasia Mironova and George S. Avrunin and Lori A. Clarke},
  title     = {Using Model Checking with Symbolic Execution to Verify Parallel Numerical Programs},
  booktitle = issta,
  pages     = {157--168},
  year      = 2006
}

@inproceedings{slowinska:ndss:2011,
  author    = {Slowinska, Asia and Stancescu, Traian and Bos, Herbert},
  title     = {{Howard}: A Dynamic Excavator for Reverse Engineering Data Structures},
  booktitle = ndss,
  year      = 2011
}

@inproceedings{smaragdakis:oopsla:2013,
  author    = {Smaragdakis, Yannis and Balatsouras, George and Kastrinis, George},
  title     = {Set-Based Pre-Processing for Points-To Analysis},
  booktitle = oopsla,
  pages     = {253--270},
  year      = 2013
}

@inproceedings{snow:oakland:2013,
  author    = {Kevin Z. Snow and Fabian Monrose and Lucas Davi and Alexandra Dmitrienko and Christopher Liebchen and Ahmad-Reza Sadeghi},
  title     = {Just-In-Time Code Reuse: On the Effectiveness of Fine-Grained Address Space Layout Randomization},
  booktitle = oakland,
  pages     = {574--588},
  year      = 2013
}

@inproceedings{so:oakland:2020,
  author    = {Sunbeom So and Myungho Lee and Jisu Park and Heejo Lee and Hakjoo Oh},
  title     = {{VeriSmart}: A Highly Precise Safety Verifier for Ethereum Smart Contracts},
  booktitle = oakland,
  pages     = {1678--1694},
  year      = 2020
}

@inproceedings{so:usec:2022,
  author    = {Sunbeom So and Seongjoon Hong and Hakjoo Oh},
  title     = {{SmarTest}: Effectively Hunting Vulnerable Transaction Sequences in Smart Contracts through Language {Model-Guided} Symbolic Execution},
  booktitle = usenixsec,
  pages     = {1361--1378},
  year      = 2021
}

@inproceedings{soltani:icse:2017,
  author    = {Soltani, Mozhan and Panichella, Annibale and van Deursen, Arie},
  title     = {A Guided Genetic Algorithm for Automated Crash Reproduction},
  booktitle = icse,
  pages     = {209--220},
  year      = 2017
}

@inproceedings{somorovsky:ccs:2016,
  author    = {Juraj Somorovsky},
  title     = {Systematic Fuzzing and Testing of TLS Libraries},
  booktitle = ccs,
  pages     = {1492--1504},
  year      = 2016
}

@inproceedings{song:ase:2017,
  author    = {Song, Wei and Qian, Xiangxing and Huang, Jeff},
  title     = {{EHBDroid}: Beyond {GUI} Testing for Android Applications},
  booktitle = ase,
  pages     = {27--37},
  year      = 2017
}

@inproceedings{song:bitblaze:2008,
  author    = {Dawn Song and David Brumley and Heng Yin and Juan Caballero and Ivan Jager and Min Gyung Kang and Zhenkai Liang and James Newsome and Pongsin Poosankam and Prateek Saxena},
  title     = {{BitBlaze}: A New Approach to Computer Security via Binary Analysis},
  booktitle = {Proceedings of the International Conference on Information Systems Security},
  pages     = {1--25},
  year      = 2008
}

@inproceedings{song:ndss:2019,
  author    = {Song, Dokyung and Hetzelt, Felicitas and Das, Dipanjan and Spensky, Chad and Na, Yeoul and Volckaert, Stijn and Vigna, Giovanni and Kruegel, Christopher and Seifert, Jean-Pierre and Franz, Michael},
  title     = {{PeriScope}: An Effective Probing and Fuzzing Framework for the Hardware-OS Boundary},
  booktitle = ndss,
  year      = 2019
}

@inproceedings{song:oakland:2019,
  author    = {Song, Dokyung and Lettner, Julian and Rajasekaran, Prabhu and Na, Yeoul and Volckaert, Stijn and Larsen, Per and Franz, Michael},
  title     = {{SoK}: Sanitizing for Security},
  booktitle = oakland,
  pages     = {187--207},
  year      = 2019
}

@inproceedings{sotirov:blackhat:2007,
  author    = {Alexander Sotirov},
  title     = {Heap Feng Shui in {JavaScript}},
  booktitle = blackhatusa,
  year      = 2007
}

@inproceedings{souza:nfm:2011,
  author    = {Souza, Matheus and Borges, Mateus and d'Amorim, Marcelo and P\u{a}s\u{a}reanu, Corina S.},
  title     = {{CORAL}: Solving Complex Constraints for Symbolic Pathfinder},
  booktitle = {Proceedings of the NASA Formal Methods Symposium},
  pages     = {359--374},
  year      = 2011
}

@inproceedings{sprundel:ccc:2005,
  author    = {Ilja van Sprundel},
  title     = {Fuzzing: Breaking software in an automated fashion},
  booktitle = ccc,
  pages     = {180--184},
  year      = 2005
}

@inproceedings{stepanov:cgo:2015,
  author    = {Stepanov, Evgeniy and Serebryany, Konstantin},
  title     = {{MemorySanitizer}: fast detector of uninitialized memory use in {C}++},
  booktitle = cgo,
  pages     = {46--55},
  year      = 2015
}

@inproceedings{stephens:ndss:2016,
  author    = {Nick Stephens and John Grosen and Christopher Salls and Andrew Dutcher and Ruoyu Wang and Jacopo Corbetta and Yan Shoshitaishvili and Christopher Kruegel and Giovanni Vigna},
  title     = {Driller: Augmenting Fuzzing Through Selective Symbolic Execution},
  booktitle = ndss,
  year      = 2016
}

@inproceedings{sutton:blackhat:2005,
  author    = {Michael Sutton and Adam Greene},
  title     = {The Art of File Format Fuzzing},
  booktitle = blackhatasia,
  year      = 2005
}

@inproceedings{syukri:acisp:1998,
  author    = {Agus Fanar Syukri and Eiji Okamoto and Masahiro Mambo},
  title     = {A User Identification System Using Signature Written with Mouse},
  booktitle = acisp,
  pages     = {403--414},
  year      = 1998
}

@inproceedings{szekeres:oakland:2013,
  author    = {Szekeres, L\'{a}szl\'{o} and Payer, Mathias and Wei, Tao and Song, Dawn},
  title     = {{SoK}: Eternal War in Memory},
  booktitle = oakland,
  pages     = {48--62},
  year      = 2013
}

@inproceedings{thiel:blackhat:2008,
  author    = {David Thiel},
  title     = {Exposing Vulnerabilities in Media Software},
  booktitle = blackhateu,
  year      = 2008
}

@inproceedings{thiemann:esop:2005,
  author    = {Peter Thiemann},
  title     = {Towards a Type System for Analyzing JavaScript Programs},
  booktitle = esop,
  pages     = {408--422},
  year      = 2005
}

@inproceedings{thorpe:soups:2013,
  author    = {Julie Thorpe and Brent MacRae and Amirali Salehi-Abari},
  title     = {Usability and Security Evaluation of {GeoPass}: A Geographic Location-Password Scheme},
  booktitle = soups,
  pages     = {14:1--14:14},
  year      = 2013
}

@inproceedings{tice:usec:2014,
  author    = {Tice, Caroline and Roeder, Tom and Collingbourne, Peter and Checkoway, Stephen and Erlingsson, \'{U}lfar and Lozano, Luis and Pike, Geoffbbi},
  title     = {Enforcing Forward-edge Control-flow Integrity in GCC \& LLVM},
  booktitle = usenixsec,
  pages     = {941--955},
  year      = 2014
}

@inproceedings{tillmann:tap:2008,
  author    = {Tillmann, Nikolai and De Halleux, Jonathan},
  title     = {Pex--White Box Test Generation for .{NET}},
  booktitle = {Proceedings of the International Conference on Tests and Proofs},
  pages     = {134--153},
  year      = 2008
}

@inproceedings{todesco:blackhat:2015,
  author    = {Luca Todesco},
  title     = {Attacking the XNU Kernel in El Capitan},
  booktitle = blackhateu,
  year      = 2015
}

@inproceedings{torres:acsac:2018,
  author    = {Torres, Christof Ferreira and Sch\"{u}tte, Julian and State, Radu},
  title     = {Osiris: Hunting for Integer Bugs in Ethereum Smart Contracts},
  booktitle = {Proceedings of the 34th Annual Computer Security Applications Conference},
  pages     = {664--676},
  year      = 2018
}

@inproceedings{torres:usec:2019,
  author    = {Torres, Christof Ferreira and Steichen, Mathis and State, Radu},
  title     = {The Art of the Scam: Demystifying Honeypots in Ethereum Smart Contracts},
  booktitle = usenixsec,
  pages     = {1591--1607},
  year      = 2019
}

@inproceedings{trabish:icse:2018,
  author    = {Trabish, David and Mattavelli, Andrea and Rinetzky, Noam and Cadar, Cristian},
  title     = {Chopped Symbolic Execution},
  booktitle = icse,
  pages     = {350--360},
  year      = 2018
}

@inproceedings{tracey:ase:1998,
  author    = {Nigel Tracey and John Clark and Keith Mander and John McDermid},
  title     = {An Automated Framework for Structural Test-Data Generation},
  booktitle = ase,
  pages     = {285--288},
  year      = 1998
}

@inproceedings{tsankov:ccs:2018,
  author    = {Tsankov, Petar and Dan, Andrei and Drachsler-Cohen, Dana and Gervais, Arthur and B\"{u}nzli, Florian and Vechev, Martin},
  title     = {Securify: Practical Security Analysis of Smart Contracts},
  booktitle = ccs,
  pages     = {67--82},
  year      = 2018
}

@inproceedings{tsankov:issta:2013,
  author    = {Tsankov, Petar and Dashti, Mohammad Torabi and Basin, David},
  title     = {Semi-valid Input Coverage for Fuzz Testing},
  booktitle = issta,
  pages     = {56--66},
  year      = 2013
}

@inproceedings{tu:fse:2014,
  author    = {Zhaopeng Tu and Zhendong Su and Premkumar Devanbu},
  title     = {On the localness of software},
  booktitle = fse,
  pages     = {269--280},
  year      = 2014
}

@inproceedings{uchiya:alt:2010,
  author    = {Taishi Uchiya and Atsuyoshi Nakamura and Mineichi Kudo},
  title     = {Algorithms for Adversarial Bandit Problems with Multiple Plays},
  booktitle = {Proceedings of the International Conference on Algorithmic Learning Theory},
  pages     = {375--389},
  year      = 2010
}

@inproceedings{ur:chi:2017,
  author    = {Blase Ur and Felicia Alfieri and Maung Aung and Lujo Bauer and Nicolas Christin and Jessica Colnago and Lorrie Faith Cranor and Henry Dixon and Pardis Emami-Naeini and Hana Habib and Noah Johnson and William Melicher},
  title     = {Design and Evaluation of a Data-Driven Password Meter},
  booktitle = chi,
  pages     = {3775--3786},
  year      = 2017
}

@inproceedings{ur:soups:2015,
  author    = {Blase Ur and Fumiko Noma and Jonathan Bees and Sean M Segreti and Richard Shay and Lujo Bauer and Nicolas Christin and Lorrie Faith Cranor},
  title     = {I Added `!' at the End to Make It Secure: Observing Password Creation in the Lab},
  booktitle = soups,
  pages     = {123--140},
  year      = 2015
}

@inproceedings{ur:usec:2012,
  author    = {Blase Ur and Patrick Gage Kelley and Saranga Komanduri and Joel Lee and Michael Maass and Michelle L Mazurek and Timothy Passaro and Richard Shay and Timothy Vidas and Lujo Bauer and Nicolas Christin, Lorrie Faith Cranor},
  title     = {How Does Your Password Measure Up? the Effect of Strength Meters on Password Creation},
  booktitle = usenixsec,
  pages     = {65--80},
  year      = 2012
}

@inproceedings{vahldiek-oberwagner:usec:2019,
  author    = {Vahldiek-Oberwagner, Anjo and Elnikety, Eslam and Duarte, Nuno O and Sammler, Michael and Druschel, Peter and Garg, Deepak},
  title     = {{ERIM}: Secure, Efficient In-process Isolation with Protection Keys ({MPK})},
  booktitle = usenixsec,
  pages     = {1221--1238},
  year      = 2019
}

@inproceedings{valotta:deepsec:2012,
  author    = {Rosario Valotta},
  title     = {Taking Browsers Fuzzing To The Next (DOM) Level},
  booktitle = deepsec,
  year      = 2012
}

@inproceedings{vanput:2005,
  author    = {Van Put, Ludo and Chanet, Dominique and De Bus, Bruno and De Sutter, Bjorn and De Bosschere, Koen},
  title     = {Diablo: A Reliable, Retargetable and Extensible Link-time Rewriting Framework},
  booktitle = {Proceedings of the IEEE International Symposium on Signal Processing and Information Technology},
  pages     = {7--12},
  year      = 2005
}

@inproceedings{veggalam:esorics:2016,
  author    = {Veggalam, Spandan and Rawat, Sanjay and Haller, Istvan and Bos, Herbert},
  title     = {{IFuzzer}: An Evolutionary Interpreter Fuzzer Using Genetic Programming},
  booktitle = esorics,
  pages     = {581--601},
  year      = 2016
}

@inproceedings{vuagnoux:ccc:2005,
  author    = {Vuagnoux, Martin},
  title     = {Autodaf\'{e}: an Act of Software Torture},
  booktitle = ccc,
  pages     = {47--58},
  year      = 2005
}

@inproceedings{walker:usec:2015,
  author    = {Walker, Mike},
  title     = {Machine vs. Machine: Lessons from the First Year of Cyber Grand Challenge},
  booktitle = usenixsec,
  year      = 2015
}

@inproceedings{wang:acsac:2015,
  author    = {Wang, Minghua and Yin, Heng and Bhaskar, Abhishek Vasisht and Su, Purui and Feng, Dengguo},
  title     = {Binary Code Continent: Finer-Grained Control Flow Integrity for Stripped Binaries},
  booktitle = acsac,
  pages     = {331--340},
  year      = 2015
}

@inproceedings{wang:ccs:2016,
  author    = {Ding Wang and Zijian Zhang and Ping Wang and Jeff Yan and Xinyi Huang},
  title     = {Targeted Online Password Guessing: an Underestimated Threat},
  booktitle = ccs,
  pages     = {1242--1254},
  year      = 2016
}

@inproceedings{wang:ccs:2018,
  author    = {Wang, Wenwen and Lu, Kangjie and Yew, Pen-Chung},
  title     = {Check It Again: Detecting Lacking-Recheck Bugs in OS Kernels},
  booktitle = ccs,
  pages     = {1899--1913},
  year      = 2018
}

@inproceedings{wang:fse:2017,
  author    = {Wang, Song and Nam, Jaechang and Tan, Lin},
  title     = {{QTEP}: Quality-Aware Test Case Prioritization},
  booktitle = fse,
  pages     = {523--534},
  year      = 2017
}

@inproceedings{wang:icse:2018,
  author    = {Xinyu Wang and Jun Sun and Zhenbang Chen and Peixin Zhang and Jingyi Wang and Yun Lin},
  title     = {Towards Optimal Concolic Testing},
  booktitle = icse,
  pages     = {291--302},
  year      = 2018
}

@inproceedings{wang:ndss:2017,
  author    = {Wang, Ruoyu and Shoshitaishvili, Yan and Bianchi, Antonio and Machiry, Aravind and Grosen, John and Grosen, Paul and Kruegel, Christopher and Vigna, Giovanni},
  title     = {Ramblr: Making Reassembly Great Again},
  booktitle = ndss,
  year      = 2017
}

@inproceedings{wang:oakland:2010,
  author    = {Wang, Tielei and Wei, Tao and Gu, Guofei and Zou, Wei},
  title     = {{TaintScope}: A Checksum-Aware Directed Fuzzing Tool for Automatic Software Vulnerability Detection},
  booktitle = oakland,
  pages     = {497--512},
  year      = 2010
}

@inproceedings{wang:oakland:2017,
  author    = {Wang, Junjie and Chen, Bihuan and Wei, Lei and Liu, Yang},
  title     = {Skyfire: Data-Driven Seed Generation for Fuzzing},
  booktitle = oakland,
  pages     = {579--594},
  year      = 2017
}

@inproceedings{wang:osdi:2012,
  author    = {Xi Wang and Haogang Chen and Zhihao Jia and Nickolai Zeldovich and M. Frans Kaashoek},
  title     = {Improving Integer Security for Systems with {KINT}},
  booktitle = osdi,
  pages     = {163--177},
  year      = 2012
}

@inproceedings{wang:sosp:2013,
  author    = {Xi Wang and Nickolai Zeldovich and M. Frans Kaashoek and Armando Solar-Lezama},
  title     = {Towards Optimization-Safe Systems: Analyzing the Impact of Undefined Behavior},
  booktitle = sosp,
  pages     = {260--275},
  year      = 2013
}

@inproceedings{wang:usec:2015,
  author    = {Wang, Shuai and Wang, Pei and Wu, Dinghao},
  title     = {Reassembleable Disassembling},
  booktitle = usenixsec,
  pages     = {627--642},
  year      = 2015
}

@inproceedings{wartell:acsac:2012,
  author    = {Wartell, Richard and Mohan, Vishwath and Hamlen, Kevin W and Lin, Zhiqiang},
  title     = {Securing Untrusted Code via Compiler-Agnostic Binary Rewriting},
  booktitle = acsac,
  pages     = {299--308},
  year      = 2012
}

@inproceedings{wartell:ccs:2012,
  author    = {Wartell, Richard and Mohan, Vishwath and Hamlen, Kevin W and Lin, Zhiqiang},
  title     = {Binary Stirring: Self-randomizing Instruction Addresses of Legacy x86 Binary Code},
  booktitle = ccs,
  pages     = {157--168},
  year      = 2012
}

@inproceedings{wei:fse:2018,
  author    = {Wei, Jiayi and Chen, Jia and Feng, Yu and Ferles, Kostas and Dillig, Isil},
  title     = {Singularity: Pattern Fuzzing for Worst Case Complexity},
  booktitle = fse,
  pages     = {213--223},
  year      = 2018
}

@inproceedings{wei:issta:2013,
  author    = {Wei, Shiyi and Ryder, Barbara G.},
  title     = {Practical Blended Taint Analysis for {JavaScript}},
  booktitle = issta,
  pages     = {336--346},
  year      = 2013
}

@inproceedings{weir:ccs:2010,
  author    = {Matt Weir and Sudhir Aggarwal and Michael Collins and Henry Stern},
  title     = {Testing Metrics for Password Creation Policies by Attacking Large Sets of Revealed Passwords},
  booktitle = ccs,
  pages     = {162--175},
  year      = 2010
}

@inproceedings{weir:oakland:2009,
  author    = {Matt Weir and Sudhir Aggarwal and Breno {De Medeiros} and Bill Glodek},
  title     = {Password Cracking Using Probabilistic Context-Free Grammars},
  booktitle = oakland,
  pages     = {391--405},
  year      = 2009
}

@inproceedings{wheeler:usec:2016,
  author    = {Daniel Lowe Wheeler},
  title     = {zxcvbn: Low-Budget Password Strength Estimation},
  booktitle = usenixsec,
  pages     = {157--173},
  year      = 2016
}

@inproceedings{wi:usenixase:2018,
  author    = {SeongIl Wi and Jaeseung Choi and Sang Kil Cha},
  title     = {Git-based {CTF}: A Simple and Effective Approach to Organizing In-Course Attack-and-Defense Security Competition},
  booktitle = usenixase,
  year      = 2018
}

@inproceedings{williams-king:asplos:2020,
  author    = {Williams-King, David and Kobayashi, Hidenori and Williams-King, Kent and Patterson, Graham and Spano, Frank and Wu, Yu Jian and Yang, Junfeng and Kemerlis, Vasileios P.},
  title     = {Egalito: Layout-Agnostic Binary Recompilation},
  booktitle = asplos,
  pages     = {133--147},
  year      = 2020
}

@inproceedings{winter:icse:2011,
  author    = {Winter, Stefan and S\^{a}rbu, Constantin and Suri, Neeraj and Murphy, Brendan},
  title     = {The Impact of Fault Models on Software Robustness Evaluations},
  booktitle = icse,
  pages     = {51--60},
  year      = 2011
}

@inproceedings{wong:ndss:2016,
  author    = {Michelle Y. Wong and David Lie},
  title     = {IntelliDroid: A Targeted Input Generator for the Dynamic Analysis of Android Malware},
  booktitle = ndss,
  year      = 2016
}

@inproceedings{woo:acsac:2016,
  author    = {Simon Woo and Elsi Kaiser and Ron Artstein and Jelena Mirkovic},
  title     = {Life-Experience Passwords ({LEPs})},
  booktitle = acsac,
  pages     = {113--126},
  year      = 2016
}

@inproceedings{woo:ccs:2013,
  author    = {Maverick Woo and Sang Kil Cha and Samantha Gottlieb and David Brumley},
  title     = {Scheduling Black-box Mutational Fuzzing},
  booktitle = ccs,
  pages     = {511--522},
  year      = 2013
}

@inproceedings{wustholz:icse:2020,
  author    = {Valentin W{\"u}stholz and Maria Christakis},
  title     = {Targeted Greybox Fuzzing with Static Lookahead Analysis},
  booktitle = icse,
  pages     = {789--800},
  year      = 2020
}

@inproceedings{xie:dsn:2009,
  author    = {Tao Xie and Nikolai Tillmann and Jonathan de Halleux and Wolfram Schulte},
  title     = {Fitness-Guided Path Exploration in Dynamic Symbolic Execution},
  booktitle = dsn,
  pages     = {359--368},
  year      = 2009
}

@inproceedings{xie:fse:2003,
  author    = {Xie, Yichen and Chou, Andy and Engler, Dawson},
  title     = {{ARCHER}: Using Symbolic, Path-sensitive Analysis to Detect Memory Access Errors},
  booktitle = fse,
  pages     = {327--336},
  year      = 2003
}

@inproceedings{xie:fse:2005,
  author    = {Yichen Xie and Alex Aiken},
  title     = {Context-and Path-sensitive Memory Leak Detection},
  booktitle = fse,
  pages     = {115--125},
  year      = 2005
}

@inproceedings{xu:ccs:2015,
  author    = {Wen Xu and Juanru Li and Junliang Shu and Wenbo Yang and Tianyi Xie and Yuanyuan Zhang and Dawu Gu},
  title     = {From Collision To Exploitation: Unleashing Use-After-Free Vulnerabilities in Linux Kernel},
  booktitle = ccs,
  pages     = {414--425},
  year      = 2015
}

@inproceedings{xu:ccs:2017,
  author    = {Xu, Wen and Kashyap, Sanidhya and Min, Changwoo and Kim, Taesoo},
  title     = {Designing New Operating Primitives to Improve Fuzzing Performance},
  booktitle = ccs,
  pages     = {2313--2328},
  year      = 2017
}

@inproceedings{xu:fse:2004,
  author    = {Xu, Wei and DuVarney, Daniel C. and Sekar, R.},
  title     = {An Efficient and Backwards-Compatible Transformation to Ensure Memory Safety of C Programs},
  booktitle = fse,
  pages     = {117--126},
  year      = 2004
}

@inproceedings{xu:oakland:2017,
  author    = {Dongpeng Xu and Jiang Ming and Dinghao Wu},
  title     = {Cryptographic Function Detection in Obfuscated Binaries via Bit-precise Symbolic Loop Mapping},
  booktitle = oakland,
  pages     = {921--937},
  year      = 2017
}

@inproceedings{xu:oakland:2018,
  author    = {Xu, Meng and Qian, Chenxiong and Lu, Kangjie and Backes, Michael and Kim, Taesoo},
  title     = {Precise and Scalable Detection of Double-Fetch Bugs in OS Kernels},
  booktitle = oakland,
  pages     = {661--678},
  year      = 2018
}

@inproceedings{xu:oakland:2020,
  author    = {Xu, Meng and Kashyap, Sanidhya and Zhao, Hanqing and Kim, Taesoo},
  title     = {{KRACE}: Data Race Fuzzing for Kernel File Systems},
  booktitle = oakland,
  pages     = {1643--1660},
  year      = 2020
}

@inproceedings{yakdan:ndss:2015,
  author    = {Khaled Yakdan and Sebastian Eschweiler and Elmar Gerhards-Padilla and Matthew Smith},
  title     = {No More Gotos: Decompilation Using Pattern-Independent Control-Flow Structuring and Semantics-Preserving Transformations},
  booktitle = ndss,
  year      = 2015
}

@inproceedings{yang:pldi:2011,
  author    = {Yang, Xuejun and Chen, Yang and Eide, Eric and Regehr, John},
  title     = {Finding and Understanding Bugs in {C} Compilers},
  booktitle = pldi,
  pages     = {283--294},
  year      = 2011
}

@inproceedings{yang:trustcom:2012,
  author    = {Dingning Yang and Yuqing Zhang and Qixu Liu},
  title     = {BlendFuzz: A Model-Based Framework for Fuzz Testing Programs with Grammatical Inputs},
  booktitle = pldi,
  pages     = {1070--1076},
  year      = 2012
}

@inproceedings{yeh:uist:2009,
  author    = {Tom Yeh and Tsung-Hsiang Chang and Robert C. Miller},
  title     = {Sikuli: Using {GUI} Screenshots for Search and Automation},
  booktitle = {Proceedings of the Annual ACM Symposium on User Interface Software and Technology},
  pages     = {183--192},
  year      = 2009
}

@inproceedings{yin:ccs:2007,
  author    = {Heng Yin and Dawn Song and Manuel Egele and Christopher Kruegel and Engin Kirda},
  title     = {Panorama: Capturing System-wide Information Flow for Malware Detection and Analysis},
  booktitle = ccs,
  pages     = {116--127},
  year      = 2007
}

@inproceedings{you:icse:2019,
  author    = {You, Wei and Liu, Xuwei and Ma, Shiqing and Perry, David and Zhang, Xiangyu and Liang, Bin},
  title     = {{SLF}: Fuzzing Without Valid Seed Inputs},
  booktitle = icse,
  pages     = {712--723},
  year      = 2019
}

@inproceedings{yu:popl:2007,
  author    = {Yu, Dachuan and Chander, Ajay and Islam, Nayeem and Serikov, Igor},
  title     = {{JavaScript} Instrumentation for Browser Security},
  booktitle = popl,
  pages     = {237--249},
  year      = 2007
}

@inproceedings{yun:usec:2016,
  author    = {Insu Yun and Changwoo Min and Xujie Si and Yeongjin Jang and Taesoo Kim and Mayur Naik},
  title     = {{APISan}: Sanitizing {API} Usages through Semantic Cross-Checking},
  booktitle = usenixsec,
  pages     = {363--378},
  year      = 2016
}

@inproceedings{yun:usec:2018,
  author    = {Insu Yun and Sangho Lee and Meng Xu and Yeongjin Jang and Taesoo Kim},
  title     = {{QSYM}: A Practical Concolic Execution Engine Tailored for Hybrid Fuzzing},
  booktitle = usenixsec,
  pages     = {745--762},
  year      = 2018
}

@inproceedings{zagalsky:cscw:2015,
  author    = {Zagalsky, Alexey and Feliciano, Joseph and Storey, Margaret-Anne and Zhao, Yiyun and Wang, Weiliang},
  title     = {The Emergence of GitHub As a Collaborative Platform for Education},
  booktitle = {Proceedings of the ACM Conference on Computer Supported Cooperative Work \& Social Computing},
  pages     = {1906--1917},
  year      = 2015
}

@inproceedings{zeng:ccs:2013,
  author    = {Zeng, Junyuan and Fu, Yangchun and Miller, Kenneth A and Lin, Zhiqiang and Zhang, Xiangyu and Xu, Dongyan},
  title     = {Obfuscation Resilient Binary Code Reuse through Trace-oriented Programming},
  booktitle = ccs,
  pages     = {487--498},
  year      = 2013
}

@inproceedings{zhang:blackhat:2018,
  author    = {Zhang, Mingwei and Sahita, Ravi and Liu, Daiping},
  title     = {eXecutable-Only-Memory-Switch ({XOM}-Switch): Hiding Your Code From Advanced Code Reuse Attacks in One Shot},
  booktitle = blackhatusa,
  year      = 2018
}

@inproceedings{zhang:ccs:2010,
  author    = {Yinqian Zhang and Fabian Monrose and Michael K Reiter},
  title     = {The Security of Modern Password Expiration: An Algorithmic Framework and Empirical Analysis},
  booktitle = ccs,
  pages     = {176--186},
  year      = 2010
}

@inproceedings{zhang:icse:2004,
  author    = {Zhang, Xiangyu and Gupta, Rajiv and Zhang, Youtao},
  title     = {Efficient Forward Computation of Dynamic Slices Using Reduced Ordered Binary Decision Diagrams},
  booktitle = icse,
  pages     = {502--511},
  year      = 2004
}

@inproceedings{zhang:oakland:2013,
  author    = {Chao Zhang and Tao Wei and Zhaofeng Chen and Lei Duan and L\'{a}szl\'{o} Szekeres and Stephen McCamant and Dawn Song and Wei Zou},
  title     = {Practical Control Flow Integrity and Randomization for Binary Executables},
  booktitle = oakland,
  pages     = {559--573},
  year      = 2013
}

@inproceedings{zhang:usec:2013,
  author    = {Mingwei Zhang and R. Sekar},
  title     = {Control Flow Integrity for {COTS} Binaries},
  booktitle = usenixsec,
  pages     = {337--352},
  year      = 2013
}

@inproceedings{zhang:vee:2014,
  author    = {Zhang, Mingwei and Qiao, Rui and Hasabnis, Niranjan and Sekar, R.},
  title     = {A Platform for Secure Static Binary Instrumentation},
  booktitle = vee,
  pages     = {129--140},
  year      = 2014
}

@inproceedings{zhao:essos:2016,
  author    = {Zhao, Mingyi and Liu, Peng},
  title     = {Empirical Analysis and Modeling of Black-Box Mutational Fuzzing},
  booktitle = essos,
  pages     = {173--189},
  year      = 2016
}

@inproceedings{zhao:ndss:2019,
  author    = {Zhao, Lei and Duan, Yue and Yin, Heng and Xuan, Jifeng},
  title     = {Send Hardest Problems My Way: Probabilistic Path Prioritization for Hybrid Fuzzing},
  booktitle = ndss,
  year      = 2019
}

@inproceedings{zong:usec:2020,
  author    = {Peiyuan Zong and Tao Lv and Dawei Wang and Zizhuang Deng and Ruigang Liang and Kai Chen},
  title     = {{FuzzGuard}: Filtering out Unreachable Inputs in Directed Grey-box Fuzzing through Deep Learning},
  booktitle = usenixsec,
  pages     = {2255--2269},
  year      = 2020
}

@mastersthesis{goransson:antifuzz:2016,
  author = {David G\"oransson and Emil Edholm},
  title  = {Escaping the Fuzz},
  school = {Chalmers University of Technology},
  year   = 2016
}

@phdthesis{bruening:2004,
  author = {Derek L. Bruening},
  title  = {Efficient, Transparent, and Comprehensive Runtime Code Manipulation},
  school = {Massachusetts Institute of Technology},
  year   = 2004
}

@phdthesis{cha:phdthesis:2015,
  author = {Sang Kil Cha},
  title  = {Towards Resource-Aware Security Testing of Software},
  school = {Carnegie Mellon University},
  year   = 2015
}

@phdthesis{demott:2012,
  author = {Jared D. DeMott},
  title  = {Enhancing Automated Fault Discovery and Analysis},
  school = {Michigan State University},
  year   = 2012
}

@phdthesis{seagle-jr:2012,
  author = {Roger Lee Seagle Jr.},
  title  = {A Framework for File Format Fuzzing with Genetic Algorithms},
  school = {University of Tennessee},
  year   = 2012
}

@phdthesis{shivers:1991,
  author = {Shivers, Olin},
  title  = {Control-Flow Analysis of Higher-Order Languages},
  school = {Carnegie Mellon University},
  year   = 1991
}

@techreport{abdelnur:2010,
  author      = {Humberto Abdelnur and Radu State and Jorge Luc\'{a}ngeli Obes and Olivier Festor},
  title       = {Spectral Fuzzing: Evaluation \& Feedback},
  institution = {INRIA Lorraine},
  number      = {RR-7193},
  year        = 2010
}

@techreport{aitel:2002,
  author      = {Aitel, Dave},
  title       = {The Advantages of Block-Based Protocol Analysis for Security Testing},
  institution = {Immunity},
  year        = 2002
}

@techreport{andrey:2010,
  author      = {Laurent Andrey and Humberto Abdelnur and Jorge Lucangeli Obes and Olivier Festor and Radu State},
  title       = {Closed Loop Fuzzing Algorithms},
  institution = {Inria},
  number      = {ANR-08-VERS-017},
  year        = 2010
}

@techreport{bratus:2008,
  author      = {Bratus, Sergey and Hansen, Axel and Shubina, Anna},
  title       = {{LZfuzz}: a Fast Compression-based Fuzzer for Poorly Documented Protocols},
  institution = {Dartmouth College},
  number      = {TR2008-634},
  year        = 2008
}

@techreport{caselden:2013,
  author      = {Dan Caselden and Alex Bazhanyuk and Mathias Payer and L\'{a}szl\'{o} Szekeres and Stephen McCamant and Dawn Song},
  title       = {Transformation-aware Exploit Generation using a {HI-CFG}},
  institution = {University of California},
  number      = {UCB/EECS-2013-85},
  year        = 2013
}

@techreport{edwards:vulcan:2001,
  author      = {Andrew Edwards and Amitabh Srivastava and Hoi Vo},
  title       = {Vulcan: Binary Transformation in a Distributed Environment},
  institution = {Microsoft Research},
  number      = {MSR-TR-2001-50},
  year        = 2001
}

@techreport{householder:bff:2012,
  author      = {Householder, Allen D. and Foote, Jonathan M.},
  title       = {Probability-Based Parameter Selection for Black-Box Fuzz Testing},
  institution = {CERT},
  number      = {CMU/SEI-2012-TN-019},
  year        = 2012
}

@techreport{householder:minimization:2012,
  author      = {Householder, Allen D.},
  title       = {Well There's Your Problem: Isolating the Crash-Inducing Bits in a Fuzzed File},
  institution = {CERT},
  number      = {CMU/SEI-2012-TN-018},
  year        = 2012
}

@techreport{mcnally:2012,
  author      = {Richard McNally and Ken Yiu and Duncan Grove and Damien Gerhardy},
  title       = {Fuzzing: The State of the Art},
  institution = {Defence Science and Technology Organisation},
  number      = {DSTO-TN-1043},
  year        = 2012
}

@techreport{patra:2016,
  author      = {Patra, Jibesh and Pradel, Michael},
  title       = {Learning to Fuzz: Application-Independent Fuzz Testing with Probabilistic, Generative Models of Input Data},
  institution = {TU Darmstadt},
  number      = {TUD-CS-2016-14664},
  year        = 2016
}

@techreport{quinlan:rose:2007,
  author      = {Dan Quinlan and Gergo Barany and Thomas Panas},
  title       = {Shared and Distributed Memory Parallel Security Analysis of Large-Scale Source Code and Binary Applications},
  institution = {Lawrence Livermore National Laboratory (LLNL)},
  year        = 2007
}

@techreport{weaver:2015,
  author      = {Vincent M. Weaver and Dave Jones},
  title       = {perf\_fuzzer: Targeted Fuzzing of the perf\_event\_open() System Call},
  institution = {UMaine VMW Group},
  year        = 2015
}

@misc{0d1n,
  title        = {0d1n},
  howpublished = {\url{https://github.com/CoolerVoid/0d1n}}
}

@misc{adobe:binspector,
  title        = {Binspector: Evolving a Security Tool},
  howpublished = {\url{https://blogs.adobe.com/security/2015/05/binspector-evolving-a-security-tool.html}}
}

@misc{afl-used-by-fas,
  title        = {Reddit: IamA Mayhem, the Hacking Machine that won DARPA's Cyber Grand Challenge. AMA!},
  howpublished = {\url{https://www.reddit.com/r/IAmA/comments/4x9yn3/iama_mayhem_the_hacking_machine_that_won_darpas/}}
}

@misc{afl-used-by-grammatech,
  author       = {GrammaTech},
  title        = {GrammaTech Blogs: The Cyber Grand Challenge},
  howpublished = {\url{http://blogs.grammatech.com/the-cyber-grand-challenge}}
}

@misc{afldyninst,
  author       = {Aleksandar Nikolic},
  title        = {afl-dyninst},
  howpublished = {\url{https://github.com/vrtadmin/moflow/tree/master/afl-dyninst}}
}

@misc{aflfuzz,
  author       = {Michal Zalewski},
  title        = {{A}merican {F}uzzy {L}op},
  howpublished = {\url{http://lcamtuf.coredump.cx/afl/}}
}

@misc{afltech,
  author       = {Michal Zalewski},
  title        = {Technical ``whitepaper'' for afl-fuzz},
  howpublished = {\url{http://lcamtuf.coredump.cx/afl/technical_details.txt}}
}

@misc{aizatsky:ossfuzz:2016,
  author       = {Aizatsky, Mike and Serebryany, Kostya and Chang, Oliver and Arya, Abhishek and Whittaker, Meredith},
  title        = {Announcing {OSS}-{F}uzz: Continuous Fuzzing for Open Source Software},
  howpublished = {Google Testing Blog},
  year         = 2016
}

@misc{alexa,
  title        = {Alexa Top 500 Global Sites},
  howpublished = {\url{https://www.alexa.com/}}
}

@misc{anders:spa,
  author       = {Anders M\o{}ller and Michael I. Schwartzbach},
  title        = {Static Program Analysis},
  howpublished = {https://cs.au.dk/~amoeller/spa/},
  year         = 2019
}

@misc{angr,
  author       = {{UCSB SecLab}},
  title        = {Angr},
  howpublished = {\url{https://github.com/angr/angr}}
}

@misc{antiparser,
  author       = {David Mckinney},
  title        = {antiparser},
  howpublished = {\url{http://antiparser.sourceforge.net/}}
}

@misc{apple:macinternal,
  author       = {{Apple Inc.}},
  title        = {Kernel Architecture Overview},
  howpublished = {\url{https://developer.apple.com/library/content/documentation/Darwin/Conceptual/KernelProgramming/Architecture/Architecture.html}},
  year         = 2013
}

@misc{armmanual,
  title        = {{ARM} Architecture Reference Manual},
  howpublished = {\url{http://infocenter.arm.com/help/index.jsp?topic=/com.arm.doc.subset.architecture.reference/index.html}}
}

@misc{arstechnica:pwn2own:fuzz,
  author       = {{Ars Technica}},
  title        = {Pwn2Own: The perfect antidote to fanboys who say their platform is safe},
  howpublished = {\url{http://arstechnica.com/security/2014/03/pwn2own-the-perfect-antidote-to-fanboys-who-say-their-platform-is-safe/}},
  year         = 2014
}

@misc{azerty-keyboard,
  title        = {{AZERTY} Keyboard Layout},
  howpublished = {\url{https://en.wikipedia.org/wiki/AZERTY}}
}

@misc{badoo-leak,
  title        = {Badoo Password Leak},
  howpublished = {\url{https://motherboard.vice.com/en_us/ARTICLE/kb7793/ another-day-another-hack-user-accounts-of-dating-site-badoo}}
}

@misc{beer:iokitfuzzer,
  author       = {Ian Beer},
  title        = {pwn4fun Spring 2014--Safari--Part II},
  howpublished = {\url{http://googleprojectzero.blogspot.com/2014/11/pwn4fun-spring-2014-safari-part-ii.html}},
  year         = 2014
}

@misc{bff-deprecated-merged-with-certfuzz,
  author       = {CERT},
  title        = {{B}asic {F}uzzing {F}ramework},
  howpublished = {\url{https://www.cert.org/vulnerability-analysis/tools/bff.cfm}}
}

@misc{binaryninja,
  author       = {{Vector 35}},
  title        = {{B}inary {N}inja},
  howpublished = {\url{https://binary.ninja/}}
}

@misc{certfuzz,
  author       = {CERT},
  title        = {certfuzz},
  howpublished = {\url{https://github.com/CERTCC-Vulnerability-Analysis/certfuzz}}
}

@misc{chakracore,
  author       = {{Microsoft Corporation}},
  title        = {ChakraCore},
  howpublished = {\url{https://github.com/Microsoft/ChakraCore}}
}

@misc{cisco:security-program,
  title        = {Cisco Secure Development Lifecycle},
  howpublished = {\url{https://www.cisco.com/c/en/us/about/security-center/security-programs/secure-development-lifecycle/sdl-process/validate.html}}
}

@misc{cloc,
  author       = {Al Danial},
  title        = {Count Lines of Code: Coverage Tool},
  howpublished = {\url{http://cloc.sourceforge.net/}}
}

@misc{clusterfuzz,
  author       = {{Chrome Security Team}},
  title        = {ClusterFuzz},
  howpublished = {\url{https://code.google.com/p/clusterfuzz/}}
}

@misc{corbet:smap:2012,
  author       = {Jonathan Corbet},
  title        = {Supervisor mode access prevention},
  howpublished = {\url{https://lwn.net/Articles/517475/}},
  year         = 2012
}

@misc{crashwrangler,
  author       = {{Apple Inc.}},
  title        = {Accessing CrashWrangler to analyze crashes for security implications},
  howpublished = {Technical Note TN2334}
}

@misc{crest,
  author       = {Jacob Burnim},
  title        = {{CREST}},
  howpublished = {\url{https://github.com/jburnim/crest}}
}

@misc{crossfuzz,
  author       = {Michal Zalewski},
  title        = {CrossFuzz},
  howpublished = {\url{https://lcamtuf.blogspot.com/2011/01/announcing-crossfuzz-potential-0-day-in.html}}
}

@misc{cve:2015:5845,
  author       = {MITRE},
  title        = {CVE-2015-5845},
  howpublished = {\url{https://cve.mitre.org/cgi-bin/cvename.cgi?name=CVE-2015-5845}},
  year         = 2015
}

@misc{cve:2015:7077,
  author       = {MITRE},
  title        = {CVE-2015-7077},
  howpublished = {\url{https://cve.mitre.org/cgi-bin/cvename.cgi?name=CVE-2015-7077}},
  year         = 2015
}

@misc{debpopcon,
  author       = {Debian},
  title        = {Debian Popularity Contest},
  howpublished = {\url{http://popcon.debian.org/}}
}

@misc{delta,
  title        = {Delta minimization tool},
  howpublished = {\url{http://delta.tigris.org}}
}

@misc{designer:john:2006,
  author       = {Solar Designer},
  title        = {John the Ripper},
  howpublished = {\url{http://www.openwall.com/john/}},
  year         = 2006
}

@misc{dharma,
  title        = {dharma},
  howpublished = {\url{https://github.com/MozillaSecurity/dharma}}
}

@misc{dmytro:ioctlfuzzer,
  author       = {Dmytro Oleksiuk},
  title        = {IOCTL fuzzer},
  howpublished = {\url{https://github.com/Cr4sh/ioctlfuzzer}},
  year         = 2009
}

@misc{domato,
  author       = {Ivan Fratric},
  title        = {domato},
  howpublished = {\url{https://github.com/google/domato}}
}

@misc{dyninst,
  author       = {{Paradyn Project}},
  title        = {{DynInst}: Putting the Performance in High Performance Computing},
  howpublished = {\url{http://www.dyninst.org/}}
}

@misc{esfuzz,
  author       = {Michael Ficarra and Bei Zhang},
  title        = {esfuzz},
  howpublished = {\url{https://github.com/estools/esfuzz}}
}

@misc{esil,
  title        = {{ESIL}: Radare2 Book},
  howpublished = {\url{https://radare.gitbooks.io/radare2book/content/esil.html}}
}

@misc{exploitable,
  author       = {{Microsoft Corporation}},
  title        = {!exploitable Crash Analyzer -- {MSEC} Debugger Extensions},
  howpublished = {\url{https://msecdbg.codeplex.com}}
}

@misc{filefuzz,
  author       = {Michael Sutton},
  title        = {FileFuzz},
  howpublished = {\url{http://osdir.com/ml/security.securiteam/2005-09/msg00007.html}}
}

@misc{foe,
  author       = {CERT},
  title        = {{F}ailure {O}bservation {E}ngine},
  howpublished = {\url{https://www.cert.org/vulnerability-analysis/tools/foe.cfm}}
}

@misc{fsfuzzer,
  author       = {LMH and Steve Grubb and Ilja van Sprundel and Eric Sandeen and Jarod Wilson},
  title        = {fsfuzzer},
  howpublished = {\url{http://people.redhat.com/sgrubb/files/fsfuzzer-0.7.tar.gz}}
}

@misc{funfuzz,
  author       = {Mozilla Security},
  title        = {funfuzz},
  howpublished = {\url{https://github.com/MozillaSecurity/funfuzz}}
}

@misc{fuzzing-project:software,
  title        = {The Fuzzing Project},
  howpublished = {\url{https://fuzzing-project.org/software.html}}
}

@misc{gdbexploitable,
  author       = {Jonathan Foote},
  title        = {GDB exploitable},
  howpublished = {\url{https://github.com/jfoote/exploitable}}
}

@misc{geohot:machfuzzer:2013,
  author       = {George Hotz},
  title        = {machfuzzer},
  howpublished = {\url{https://github.com/geohot/jenkyiphonetools/blob/master/machfuzzer}},
  year         = 2013
}

@misc{githubfuzzer,
  author       = {GitHub},
  title        = {Public fuzzers},
  howpublished = {\url{https://github.com/search?q=fuzzing&type=Repositories}}
}

@misc{google:chromium-security,
  title        = {Google Chromium Security},
  howpublished = {\url{https://www.chromium.org/Home/chromium-security/bugs}}
}

@misc{gpf,
  title        = {{GPF}},
  howpublished = {\url{http://www.vdalabs.com/tools/efs_gpf.html}}
}

@misc{graphviz,
  title        = {Graphviz},
  howpublished = {\url{http://www.graphviz.org/}}
}

@misc{grinder,
  author       = {Stephen Fewer},
  title        = {grinder},
  howpublished = {\url{https://github.com/stephenfewer/grinder}}
}

@misc{grr,
  author       = {{Trail of Bits}},
  title        = {{GRR}},
  howpublished = {\url{https://github.com/trailofbits/grr}}
}

@misc{hodor,
  author       = {{NCC Group}},
  title        = {Hodor Fuzzer},
  howpublished = {\url{https://github.com/nccgroup/hodor}}
}

@misc{honggfuzz,
  author       = {Robert Swiecki and Felix Gr{\"o}bert},
  title        = {{honggfuzz}},
  howpublished = {\url{https://github.com/google/honggfuzz}}
}

@misc{hopper,
  author       = {Vincent B\'{e}nony},
  title        = {Hopper},
  howpublished = {\url{https://www.hopperapp.com/}}
}

@misc{idapro,
  author       = {{Hex-Rays SA.}},
  title        = {{IDA} {P}ro},
  howpublished = {\url{https://www.hex-rays.com/products/ida/}}
}

@misc{iknowthis,
  author       = {Tavis Ormandy},
  title        = {iknowthis},
  howpublished = {https://code.google.com/archive/p/iknowthis/},
  year         = 2010
}

@misc{intelmanual,
  author       = {{Intel Corporation}},
  title        = {Intel\textsuperscript{\textregistered} 64 and IA-32 Architectures Software Developer's Manual},
  howpublished = {\url{https://software.intel.com/en-us/articles/intel-sdm}}
}

@misc{interceptfuzz,
  author       = {Kim Zetter},
  title        = {A Famed Hacker is Grading Thousands of Programs---And may Revolutionize Software in the Process},
  howpublished = {\url{https://goo.gl/LRwaVl}}
}

@misc{javascriptcore,
  author       = {{Apple Inc.}},
  title        = {{JavaScriptCore}},
  howpublished = {\url{https://developer.apple.com/documentation/javascriptcore}}
}

@misc{jooru:csrssfuzzer,
  author       = {Mateusz Jurczyk},
  title        = {csrss\_win32k\_fuzzer},
  howpublished = {\url{http://j00ru.vexillium.org/?p=1455}},
  year         = 2012
}

@misc{katyusha,
  author       = {Lovro},
  title        = {Katyusha},
  howpublished = {\url{https://github.com/lpredova/Katyusha}}
}

@misc{kernelfuzzer,
  author       = {{F-Secure LABS}},
  title        = {{KernelFuzzer}},
  howpublished = {\url{https://github.com/FSecureLABS/KernelFuzzer}}
}

@misc{klee-cmdline,
  author       = {{The KLEE Team}},
  title        = {Coreutils Experiments},
  howpublished = {\url{http://klee.github.io/docs/coreutils-experiments/}}
}

@misc{lafintel:afl,
  author       = {lafintel},
  title        = {Circumventing Fuzzing Roadblocks with Compiler Transformations},
  howpublished = {\url{https://lafintel.wordpress.com/2016/08/15/circumventing-fuzzing-roadblocks-with-compiler-transformations/}},
  year         = 2016
}

@misc{lcamtuf:mutation,
  author       = {Michal Zalewski},
  title        = {Binary fuzzing strategies: what works, what doesn't},
  howpublished = {\url{https://lcamtuf.blogspot.com/2014/08/binary-fuzzing-strategies-what-works.html}}
}

@misc{lcamtuf:persistent,
  author       = {Michal Zalewski},
  title        = {New in {AFL}: persistent mode},
  howpublished = {\url{https://lcamtuf.blogspot.com/2015/06/new-in-afl-persistent-mode.html}}
}

@misc{le:tsys:1991,
  author       = {Tin Le},
  title        = {tsys},
  howpublished = {\url{http://groups.google.com/groups?q=syscall+crashme\&hl=en\&lr=\&ie=UTF-8\&selm=1991Sep20.232550.5013\%40smsc.sony.com\&rnum=1}},
  year         = 1991
}

@misc{li:steelix-experiment:2017,
  author       = {Li, Yuekang and Chen, Bihuan and Chandramohan, Mahinthan and Lin, Shang-Wei and Liu, Yang and Tiu, Alwen},
  title        = {Steelix Experiment Archive},
  howpublished = {\url{https://sites.google.com/site/steelix2017/}}
}

@misc{libfuzzer,
  title        = {{LibFuzzer}},
  howpublished = {\url{http://llvm.org/docs/LibFuzzer.html}}
}

@misc{linkedin-leak,
  title        = {{LinkedIn} Password Leak},
  howpublished = {\url{https://www.troyhunt.com/observations-and-thoughts- on-the-linkedin-data-breach/}}
}

@misc{linuxkernelreport:2016,
  author       = {Jonathan Corbet and Greg Kroah-Hartman},
  title        = {Linux Kernel Development},
  howpublished = {\url{http://go.linuxfoundation.org/linux-kernel-development-report-2016}},
  year         = 2016
}

@misc{lithium,
  author       = {Jesse Ruderman},
  title        = {Lithium},
  howpublished = {\url{https://github.com/MozillaSecurity/lithium/}}
}

@misc{llfuzzer,
  author       = {Chad Spensky and Hongyi Hu},
  title        = {LL-Fuzzer},
  howpublished = {\url{https://github.com/mit-ll/LL-Fuzzer}}
}

@misc{mayhemcrs,
  author       = {{ForAllSecure}},
  title        = {Unleashing the Mayhem CRS},
  howpublished = {\url{https://blog.forallsecure.com/2016/02/09/unleashing-mayhem/}}
}

@misc{mcsema,
  author       = {{Trail of Bits}},
  title        = {{McSema}},
  howpublished = {\url{https://github.com/trailofbits/mcsema}}
}

@misc{meandiff,
  title        = {{MeanDiff}},
  howpublished = {\url{https://github.com/SoftSec-KAIST/MeanDiff}}
}

@misc{melkor,
  author       = {Alejandro Hernandez H},
  title        = {Melkor\_ELF\_Fuzzer},
  howpublished = {\url{https://github.com/IOActive/Melkor_ELF_Fuzzer}}
}

@misc{microsoft:sdl:fuzzstep,
  title        = {Microsoft {Security Development Lifecycle}, Verification Phase},
  howpublished = {\url{https://www.microsoft.com/en-us/sdl/process/verification.aspx}}
}

@misc{microsoft:sketch:2011,
  author       = {{Microsoft Corporation}},
  title        = {Sketch-Based Password Authentication},
  howpublished = {US Patent 8,024,775},
  year         = 2011
}

@misc{miller:fuzz:first,
  author       = {{InfoSec Institute}},
  title        = {{Charlie Miller} Reveals His Process for Security Research},
  howpublished = {\url{http://resources.infosecinstitute.com/how-charlie-miller-does-research/}},
  year         = 2011
}

@misc{millerpwn2own,
  author       = {Ryan Naraine},
  title        = {Charlie Miller on Mac OS X, Pwn2Own, and Writing Exploits},
  howpublished = {\url{https://goo.gl/2hjuWS}}
}

@misc{minifuzz,
  author       = {{Microsoft Corporation}},
  title        = {MiniFuzz},
  howpublished = {\url{https://msdn.microsoft.com/en-us/biztalk/gg675011}}
}

@misc{mmfa,
  author       = {Alexandru Blanda},
  title        = {{M}edia {F}uzzing {F}ramework for {A}ndroid},
  howpublished = {\url{https://github.com/fuzzing/MFFA}}
}

@misc{monkey,
  title        = {Monkey test},
  howpublished = {\url{https://monkeyfuzz.codeplex.com/}}
}

@misc{monkeyrunner,
  title        = {monkeyrunner},
  howpublished = {\url{https://developer.android.com/studio/test/monkeyrunner/index.html}}
}

@misc{msagl,
  title        = {{MSAGL}},
  howpublished = {\url{https://www.microsoft.com/en-us/research/project/microsoft-automatic-graph-layout/}}
}

@misc{neural,
  author       = {{CIFASIS}},
  title        = {Neural Fuzzer},
  howpublished = {\url{http://neural-fuzzer.org}}
}

@misc{neuralcracker,
  title        = {Neural Network Cracking},
  howpublished = {\url{https://github.com/cupslab/neural_network_cracking}}
}

@misc{nightmare,
  author       = {Joxean Koret},
  title        = {Nightmare},
  howpublished = {\url{https://github.com/joxeankoret/nightmare}}
}

@misc{nullexploit,
  author       = {sqrkkyu and twzi},
  title        = {Attacking the Core: Kernel Exploiting Notes},
  howpublished = {\url{http://phrack.org/issues/64/6.html}},
  year         = 2007
}

@misc{opencl,
  title        = {{OpenCL}},
  howpublished = {\url{https://www.khronos.org/opencl/}}
}

@misc{oracle:kernelfuzzing:2016,
  author       = {Oracle},
  title        = {Kernel-Fuzzing},
  howpublished = {\url{https://github.com/oracle/kernel-fuzzing}},
  year         = 2016
}

@misc{orangfuzz,
  author       = {Mozilla Security},
  title        = {orangfuzz},
  howpublished = {\url{https://github.com/MozillaSecurity/orangfuzz}}
}

@misc{orangutan,
  author       = {William Lachance},
  title        = {Orangutan},
  howpublished = {\url{https://github.com/wlach/orangutan}}
}

@misc{osfuzzing,
  author       = {{CIFASIS}},
  title        = {OS-fuzzing},
  howpublished = {\url{https://github.com/CIFASIS/OS-fuzzing}}
}

@misc{paimei,
  author       = {Pedram Amini},
  title        = {{PaiMei}},
  howpublished = {\url{https://github.com/OpenRCE/paimei}}
}

@misc{peachfuzz,
  author       = {Michael Eddington},
  title        = {Peach Fuzzing Platform},
  howpublished = {\url{http://community.peachfuzzer.com/WhatIsPeach.html}}
}

@misc{pwnjs,
  author       = {Theori Inc},
  title        = {pwn.js},
  howpublished = {\url{https://github.com/theori-io/pwnjs}},
  year         = 2017
}

@misc{pyuserinput,
  author       = {Paul Barton},
  title        = {PyUserInput},
  howpublished = {\url{https://github.com/SavinaRoja/PyUserInput}},
  year         = 2013
}

@misc{pyvex,
  title        = {{PyVEX}},
  howpublished = {\url{https://github.com/angr/pyvex}}
}

@misc{qemubug,
  title        = {{QEMU}-devel Archives},
  howpublished = {\url{http://lists.gnu.org/archive/html/qemu-devel/2017-01/msg03062.html}}
}

@misc{qemutcghist,
  title        = {{QEMU}-devel Archives},
  howpublished = {\url{http://lists.gnu.org/archive/html/qemu-devel/2009-03/msg00154.html}}
}

@misc{qwerty-keyboard,
  title        = {{QWERTY} Keyboard Layout},
  howpublished = {\url{https://en.wikipedia.org/wiki/QWERTY}}
}

@misc{radamsa,
  author       = {Aki Helin},
  title        = {radamsa},
  howpublished = {\url{https://gitlab.com/akihe/radamsa}}
}

@misc{radare2,
  title        = {Radare2},
  howpublished = {\url{https://github.com/radare/radare2}}
}

@misc{ragefuzzer,
  author       = {Dean Jerkovich},
  title        = {rage\_fuzzer},
  howpublished = {\url{https://github.com/deanjerkovich/rage_fuzzer}}
}

@misc{realuser:passface:2005,
  author       = {RealUser},
  title        = {Passface},
  howpublished = {\url{www.realuser.com}},
  year         = 2005
}

@misc{reffuzz,
  author       = {Michal Zalewski},
  title        = {ref\_fuzz},
  howpublished = {\url{http://lcamtuf.blogspot.com/2010/06/announcing-reffuzz-2yo-fuzzer.html}}
}

@misc{remill,
  author       = {{Trail of Bits}},
  title        = {{Remill}},
  howpublished = {\url{https://github.com/trailofbits/remill}}
}

@misc{rmadair,
  author       = {rmadair},
  title        = {rmadair},
  howpublished = {\url{http://rmadair.github.io/fuzzer/}}
}

@misc{saunders,
  author       = {Allen M. Saunders},
  title        = {Graph Layout for Code Flow Visualization},
  howpublished = {\url{https://goo.gl/YCxqhT}},
  year         = 2007
}

@misc{sharefuzz,
  author       = {Dave Aitel},
  title        = {Sharefuzz},
  howpublished = {\url{https://sourceforge.net/projects/sharefuzz/}},
  year         = 2001
}

@misc{sobrado:graphical:2002,
  author       = {Leonardo Sobrado},
  title        = {Graphical Passwords},
  howpublished = {\url{http://rutgersscholar.rutgers.edu/volume04/sobrbirg /sobrbirg.htm}},
  year         = 2002
}

@misc{softseclab,
  title        = {{S}oft{S}ec {L}ab.},
  howpublished = {\url{https://softsec.kaist.ac.kr}}
}

@misc{spidermonkey,
  author       = {Mozilla},
  title        = {SpiderMonkey},
  howpublished = {\url{https://developer.mozilla.org/en-US/docs/Mozilla/Projects/SpiderMonkey}}
}

@misc{steube:hashcat:2009,
  author       = {Jens Steube},
  title        = {Hashcat},
  howpublished = {\url{https://hashcat.net/hashcat/}},
  year         = 2009
}

@misc{steube:mangling:2009,
  author       = {Jens Steube},
  title        = {Rule-Based Attack},
  howpublished = {\url{https://hashcat.net/wiki/doku.php?id=rule_based_attack}},
  year         = 2009
}

@misc{steube:mask:2009,
  author       = {Jens Steube},
  title        = {Mask Attack},
  howpublished = {\url{https://hashcat.net/wiki/doku.php?id=mask_attack}},
  year         = 2009
}

@misc{sulley,
  author       = {Pedram Amini and Aaron Portnoy and Ryan Sears},
  title        = {sulley},
  howpublished = {\url{https://github.com/OpenRCE/sulley}}
}

@misc{syzkaller,
  author       = {Dmitry Vyukov},
  title        = {syzkaller},
  howpublished = {\url{https://github.com/google/syzkaller}}
}

@misc{tavor,
  author       = {Markus Zimmermann},
  title        = {Tavor},
  howpublished = {\url{https://github.com/zimmski/tavor}}
}

@misc{test262,
  author       = {TC39},
  title        = {Test262: {ECMAScript} Conformance Test Suite},
  howpublished = {\url{https://github.com/tc39/test262}}
}

@misc{tlsfuzzer,
  author       = {Hubert Kario},
  title        = {tlsfuzzer},
  howpublished = {\url{https://github.com/tomato42/tlsfuzzer}}
}

@misc{triforce,
  author       = {{NCC Group}},
  title        = {Triforce Linux Syscall Fuzzer},
  howpublished = {\url{https://github.com/nccgroup/TriforceLinuxSyscallFuzzer}}
}

@misc{trinity,
  author       = {Dave Jones},
  title        = {Trinity},
  howpublished = {\url{https://github.com/kernelslacker/trinity}}
}

@misc{ubsan,
  title        = {{UBSan}},
  howpublished = {\url{http://clang.llvm.org/docs/UndefinedBehaviorSanitizer.html}}
}

@misc{v8,
  author       = {Google},
  title        = {V8},
  howpublished = {\url{https://chromium.googlesource.com/v8/v8.git}}
}

@misc{vk-leak,
  title        = {{VK} Password Leak},
  howpublished = {\url{https://motherboard.vice.com/en\_us/ARTICLE/d7yyqv/ another-day-another-hack-100-million-accounts-for-vk-russias-facebook}}
}

@misc{weaver:github:2015,
  author       = {Vince Weaver},
  title        = {PERF\_FUZZER},
  howpublished = {\url{https://github.com/deater/perf\_event\_tests}},
  year         = 2015
}

@misc{webfuzzlist,
  author       = {Stephen Fewer},
  title        = {A Collection of Burpsuite Intruder Payloads, Fuzz Lists and File Uploads},
  howpublished = {\url{https://github.com/1N3/IntruderPayloads}}
}

@misc{zzuf,
  author       = {Sam Hocevar},
  title        = {zzuf},
  howpublished = {\url{https://github.com/samhocevar/zzuf}}
}

@misc{libming,
  title        = {Libming},
  howpublished = {\url{https://github.com/libming/libming}}
}

@misc{cve:2017:7578,
  author       = {\text{MITRE}},
  title        = {\text{CVE-2017-7578}},
  howpublished = {\url{https://cve.mitre.org/cgi-bin/cvename.cgi?name=CVE-2017-7578}},
  year         = {2017}
}

@inproceedings{sridharan:pldi:2007,
  title     = {Thin slicing},
  author    = {Sridharan, Manu and Fink, Stephen J. and Bodik, Rastislav},
  booktitle = pldi,
  pages     = {112--122},
  year      = 2007
}

@inproceedings{weiser:icse:1981,
  author    = {Weiser, Mark},
  title     = {Program Slicing},
  year      = {1981},
  booktitle = icse,
  pages     = {439–449}
}

@inproceedings{chowdhury:tacas:2019,
  title     = {VeriFuzz: program aware fuzzing},
  author    = {Animesh Basak Chowdhury and Raveendra Kumar Medicherla and R. Venkatesh},
  booktitle = tacas,
  pages     = {244--249},
  year      = {2019}
}
@inproceedings{mantovani:sp:2022,
  author    = {Alessandro Mantovani and Andrea Fioraldi and Davide Balzarotti},
  title     = {Fuzzing with Data Dependency Information},
  booktitle = {Proceedings of the {IEEE} European Symposium on Security and Privacy},
  pages     = {286--302},
  year      = {2022}
}
@inproceedings{marinescu:esec/fse:2013,
  author    = {Paul Dan Marinescu and Cristian Cadar},
  title     = {{KATCH:} High-coverage testing of software patches},
  booktitle = fse,
  pages     = {235--245},
  year      = {2013}
}

@article{bohme:tse:2017,
  author  = {Marcel B{\"{o}}hme and Soumya Paul},
  title   = {A Probabilistic Analysis of the Efficiency of Automated Software Testing},
  journal = tse,
  pages   = {345--360},
  year    = {2016}
}

@inproceedings{ma:2011,
  author    = {Ma, Kin-Keung and Phang, Khoo Yit and Foster, Jeffrey S. and Hicks, Michael},
  title     = {Directed Symbolic Execution},
  booktitle = {Proceedings of the International Conference on Static Analysis},
  year      = {2011},
  pages     = {95--111}
}

@inproceedings{person:pldi:2011,
  author    = {Person, Suzette and Yang, Guowei and Rungta, Neha and Khurshid, Sarfraz},
  title     = {Directed Incremental Symbolic Execution},
  year      = {2011},
  booktitle = pldi,
  pages     = {504--515}
}

@misc{mitre,
  author       = {MITRE},
  title        = {\text{MITRE CVE Database}},
  howpublished = {\url{https://cve.mitre.org}}
}

@article{distefano:cacm:2019,
  author  = {Dino Distefano and Manuel F{\"{a}}hndrich and Francesco Logozzo and Peter W. O'Hearn},
  title   = {Scaling static analyses at Facebook},
  journal = cacm,
  volume  = {62},
  number  = {8},
  pages   = {62--70},
  year    = {2019}
}

@inproceedings{arzt:pldi:2014,
  author    = {Steven Arzt and Siegfried Rasthofer and Christian Fritz and Eric Bodden and Alexandre Bartel
               and Jacques Klein and Yves Le Traon and Damien Octeau and Patrick D. McDaniel},
  title     = {{FlowDroid}: precise context, flow, field, object-sensitive and lifecycle-aware taint analysis for Android apps},
  pages     = {259--269},
  year      = {2014},
  booktitle = pldi
}

@article{sadowski:cacm:2018,
  author  = {Caitlin Sadowski and Edward Aftandilian and Alex Eagle and Liam Miller{-}Cushon and Ciera Jaspan},
  title   = {Lessons from building static analysis tools at {Google}},
  journal = cacm,
  volume  = {61},
  number  = {4},
  pages   = {58--66},
  year    = {2018}
}

@inproceedings{ball:popl:2002,
  author    = {Thomas Ball and Sriram K. Rajamani},
  title     = {The {SLAM} project: debugging system software via static analysis},
  booktitle = popl,
  pages     = {1--3},
  year      = {2002}
}

@article{bessey:cacm:2010,
  author  = {Al Bessey and Ken Block and Benjamin Chelf and Andy Chou and Bryan Fulton and
             Seth Hallem and Charles{-}Henri Gros and Asya Kamsky and Scott McPeak and
             Dawson R. Engler},
  title   = {A few billion lines of code later: using static analysis to find bugs
             in the real world},
  journal = cacm,
  volume  = {53},
  number  = {2},
  pages   = {66--75},
  year    = {2010}
}

@inproceedings{hovemeyer:oopsla:2004,
  author    = {David Hovemeyer and  William W. Pugh},
  title     = {Finding bugs is easy},
  booktitle = oopsla,
  pages     = {132--136},
  year      = {2004}
}

@inproceedings{calcagno:nasa:2015,
  author    = {Cristiano Calcagno and Dino Distefano and J{\'{e}}r{\'{e}}my Dubreil and Dominik Gabi and
               Pieter Hooimeijer and Martino Luca and Peter W. O'Hearn and Irene Papakonstantinou and
               Jim Purbrick and Dulma Rodriguez},
  title     = {Moving Fast with Software Verification},
  booktitle = {{NASA} Formal Methods - 7th International Symposium},
  volume    = {9058},
  pages     = {3--11},
  year      = {2015}
}

@article{tip:jpl:1995,
  author  = {Frank Tip},
  title   = {A survey of program slicing techniques},
  journal = {J. Program. Lang.},
  volume  = {3},
  number  = {3},
  year    = {1995}
}

@inproceedings{wang:icse:2019,
  author    = {Junjie Wang and
               Bihuan Chen and
               Lei Wei and
               Yang Liu},
  title     = {Superion: grammar-aware greybox fuzzing},
  booktitle = icse,
  pages     = {724--735},
  year      = {2019}
}

@inproceedings{arcuri:icse:2011,
  title     = {A practical guide for using statistical tests to assess randomized algorithms in software engineering},
  author    = {Arcuri, Andrea and Briand, Lionel},
  booktitle = icse,
  pages     = {1--10},
  year      = 2011
}

@inproceedings{herrera:fuzzing:2022,
  author    = {Adrian Herrera and Mathias Payer and Antony L. Hosking},
  title     = {{DATAFLOW:} Towards a Data-Flow-Guided Fuzzer},
  booktitle = {Proceedings of the International Fuzzing Workshop (FUZZING)},
  year      = {2022}
}

@inproceedings{chen:oakland:2020,
  author    = {Yaohui Chen and Peng Li and Jun Xu and Shengjian Guo and Rundong Zhou and Yulong Zhang and Tao Wei and Long Lu},
  title     = {{SAVIOR:} Towards Bug-Driven Hybrid Testing},
  booktitle = oakland,
  pages     = {1580--1596},
  year      = {2020}
}

@inproceedings{srivastava:acsac:2022,
  author    = {Prashast Srivastava and Stefan Nagy and Matthew Hicks and Antonio Bianchi and Mathias Payer},
  title     = {{One Fuzz Doesn't Fit All:} Optimizing Directed Fuzzing via Target-tailored Program State Restriction},
  booktitle = acsac,
  pages     = {388--399},
  year      = {2022}
}

@inproceedings{canakci::aciaccs:2022,
  author    = {Sadullah Canakci and Nikolay Matyunin and Kalman Graffi and Ajay Joshi and Manuel Egele},
  title     = {{TargetFuzz:} Using DARTs to Guide Directed Greybox Fuzzers},
  booktitle = asiaccs,
  pages     = {561--573},
  year      = {2022}
}

@inproceedings{shah:ccs:2022,
  author    = {Abhishek Shah and Dongdong She and Samanway Sadhu and Krish Singal and Peter Coffman and Suman Jana},
  title     = {{MC2:} Rigorous and Efficient Directed Greybox Fuzzing},
  booktitle = ccs,
  pages     = {2595--2609},
  year      = {2022}
}

@inproceedings{li:usenixsec:2021,
  author    = {Yuwei Li and Shouling Ji and Yuan Chen and Sizhuang Liang and Wei{-}Han Lee and Yueyao Chen and Chenyang Lyu and Chunming Wu and Raheem Beyah and Peng Cheng and Kangjie Lu and Ting Wang},
  title     = {{UNIFUZZ:} {A} Holistic and Pragmatic Metrics-Driven Platform for Evaluating Fuzzers},
  booktitle = usenixsec,
  pages     = {2777--2794},
  year      = {2021}
}

@inproceedings{gascon:seccommnet:2015,
  author    = {Hugo Gascon and Christian Wressnegger and Fabian Yamaguchi and Daniel Arp and Konrad Rieck},
  title     = {{Pulsar:} Stateful Black-Box Fuzzing of Proprietary Network Protocols},
  booktitle = {Proceedings of the International Conference on Security and Privacy in Communication Networks},
  pages     = {330--347},
  year      = {2015}
}

@inproceedings{liu:saner:2022,
  author    = {Dongge Liu and Van{-}Thuan Pham and Gidon Ernst and Toby Murray and Benjamin I. P. Rubinstein},
  title     = {State Selection Algorithms and Their Impact on The Performance of Stateful Network Protocol Fuzzing},
  booktitle = {Proceedings of the {IEEE} International Conference on Software Analysis, Evolution and Reengineering},
  pages     = {720--730},
  year      = {2022}
}

@inproceedings{fioraldi:issta:2020,
  author    = {Andrea Fioraldi and Daniele Cono D'Elia and Emilio Coppa},
  title     = {{WEIZZ:} automatic grey-box fuzzing for structured binary formats},
  booktitle = issta,
  pages     = {1--13},
  year      = {2020}
}

@inproceedings{kim:ccs:2022,
  author    = {Seulbae Kim and Major Liu and Junghwan John Rhee and Yuseok Jeon and Yonghwi Kwon and Chung Hwan Kim},
  title     = {DriveFuzz: Discovering Autonomous Driving Bugs through Driving Quality-Guided Fuzzing},
  booktitle = ccs,
  pages     = {1753--1767},
  year      = {2022}
}

@inproceedings{luo:acsac:2021,
  author    = {Lannan Luo and Qiang Zeng and Bokai Yang and Fei Zuo and Junzhe Wang},
  title     = {{Westworld:} Fuzzing-Assisted Remote Dynamic Symbolic Execution of Smart Apps on IoT Cloud Platforms},
  booktitle = acsac,
  pages     = {982--995},
  year      = {2021}
}

@inproceedings{herrera:issta:2021,
  author    = {Adrian Herrera and Hendra Gunadi and Shane Magrath and Michael Norrish and Mathias Payer and Antony L. Hosking},
  title     = {Seed selection for successful fuzzing},
  booktitle = issta,
  pages     = {230--243},
  year      = {2021}
}

@inproceedings{larsen:icse:1996,
  author    = {Loren Larsen and Mary Jean Harrold},
  title     = {Slicing Object-Oriented Software},
  booktitle = icse,
  pages     = {495--505},
  year      = {1996}
}

@inproceedings{binkley:fse:2014,
  author    = {David W. Binkley and Nicolas Gold and Mark Harman and Syed S. Islam and Jens Krinke and Shin Yoo},
  title     = {{ORBS:} language-independent program slicing},
  booktitle = fse,
  pages     = {109--120},
  year      = {2014}
}

@inproceedings{acharya:icse:2011,
  author    = {Mithun Acharya and Brian Robinson},
  title     = {Practical change impact analysis based on static program slicing for industrial software systems},
  booktitle = icse,
  pages     = {746--755},
  year      = {2011}
}

@article{pani:ijset:2016,
  title   = {Property Based Dynamic Slicing of Object Oriented Programs},
  author  = {Pani, Santosh Kumar and Mund, GB},
  journal = {International Journal of Software Engineering and Technology (IJSET)},
  volume  = {1},
  pages   = {69--82},
  year    = {2016}
}

@article{jain:senotes:2013,
  author  = {Paritosh Jain and Nitish Garg},
  title   = {A Novel Approach for Slicing of Object Oriented Programs},
  journal = {{ACM} {SIGSOFT} Softw. Eng. Notes},
  pages   = {1--4},
  year    = {2013}
}

@inproceedings{gan:usec:2020,
  author    = {Shuitao Gan and Chao Zhang and Peng Chen and Bodong Zhao and Xiaojun Qin and Dong Wu and Zuoning Chen},
  title     = {{GREYONE}: Data Flow Sensitive Fuzzing},
  booktitle = {Proceedings of the {USENIX} Security Symposium},
  year      = {2020},
  pages     = {2577--2594}
}

@inproceedings{shastry:raid:2017,
  author    = {Shastry, Bhargava and Leutner, Markus and Fiebig, Tobias and Thimmaraju, Kashyap and Yamaguchi, Fabian and Rieck, Konrad and Schmid, Stefan and Seifert, Jean-Pierre and Feldmann, Anja},
  title     = {Static Program Analysis as a Fuzzing Aid},
  booktitle = {Proceedings of the International Conference on Research in Attacks, Intrusions, and Defenses},
  year      = {2017},
  pages     = {26--47}
}